timestamp,mid_price,obi,bid_qty,ask_qty
1782383726.57735,61543.524999999994,-0.8464252074049923,0.33913,4.07735
1782383726.5793135,61543.524999999994,-0.8464154703138446,0.33913,4.07707
1782383726.6435573,61543.524999999994,-0.8461270260296271,0.33982,4.07707
1782383726.7010667,61543.524999999994,-0.8460894095060426,0.33991,4.07707
1782383726.7011468,61543.524999999994,-0.8460517945153688,0.34,4.07707
1782383726.701245,61543.524999999994,-0.846014181057512,0.34009,4.07707
1782383726.7652638,61543.524999999994,-0.846578246943655,0.34009,4.09331
1782383726.7993214,61543.524999999994,-0.8466335963923337,0.34009,4.09491
1782383726.819241,61543.524999999994,-0.8463519371474654,0.34009,4.08678
1782383726.8651707,61543.524999999994,-0.84615176121156,0.34057,4.08678
1782383726.9381473,61543.524999999994,-0.8463519371474654,0.34009,4.08678
1782383726.967337,61543.524999999994,-0.84615176121156,0.34057,4.08678
1782383727.5583322,61543.524999999994,-0.8463519371474654,0.34009,4.08678
1782383727.7634473,61540.770000000004,-0.42130083675896757,1.66398,4.08678
1782383727.7635727,61539.01,0.5462342610230917,1.66398,0.48832
1782383727.763675,61538.975000000006,0.5462342610230917,1.66398,0.48832
1782383727.763769,61538.675,0.5987048797594228,1.66398,0.41768
1782383727.7638633,61538.675,0.5031639995121886,1.66398,0.54999
1782383727.7639565,61538.675,0.4183984861141892,1.66398,0.6823
1782383727.7640512,61538.51,0.8510776761131352,1.66398,0.13387
1782383727.764165,61538.51,0.7227962644689708,1.66398,0.26774
1782383727.7642648,61538.51,0.720386199982246,1.64733,0.26774
1782383727.7645545,61538.015,0.6092471658208495,1.64733,0.4
1782383727.7648141,61538.015,0.6098664768016853,1.65058,0.4
1782383727.7650251,61538.015,0.6104439964550404,1.65362,0.4
1782383727.7652154,61538.015,0.5048504814080046,1.65362,0.5441
1782383727.765343,61538.015,0.5190913911967473,1.7187,0.5441
1782383727.765441,61538.015,0.5169126894816972,1.7187,0.54735
1782383727.7655346,61538.015,0.5145733735762597,1.7187,0.55085
1782383727.7656298,61538.015,0.5145926226185652,1.71879,0.55085
1782383727.7658472,61538.015,0.5661983588225104,1.98879,0.55085
1782383727.7659886,61538.015,0.5662137313808948,1.98888,0.55085
1782383727.7661643,61538.015,0.5697711199540756,2.00988,0.55085
1782383727.7663493,61538.015,0.5688521327125199,2.00988,0.55235
1782383727.7665436,61538.015,0.5925630868869267,2.15899,0.55235
1782383727.7667239,61538.015,0.592576610865853,2.15908,0.55235
1782383727.7669322,61538.015,0.36969216373527025,2.15908,0.99357
1782383727.767115,61538.015,0.36965306368428735,2.15908,0.99366
1782383727.7672942,61538.015,0.3696139658655874,2.15908,0.99375
1782383727.767484,61538.015,0.45207481005260086,2.63357,0.99375
1782383727.767687,61538.015,0.45344597158744043,2.64267,0.99375
1782383727.767891,61538.015,0.2835100975507761,1.78019,0.99375
1782383727.7680922,61538.015,0.0007993605115907175,0.99534,0.99375
1782383727.7683725,61538.015,0.01123830276256287,1.01634,0.99375
1782383727.7685719,61538.015,0.021461382804307004,1.03734,0.99375
1782383727.7687724,61538.015,0.03147522769469177,1.05834,0.99375
1782383727.768994,61538.015,-0.1622351162440928,1.05834,1.46824
1782383727.7691696,61538.015,-0.16226495743409303,1.05834,1.46833
1782383727.769331,61538.015,-0.15268460985920465,1.07934,1.46833
1782383727.7694716,61538.015,-0.15264389110434265,1.07943,1.46833
1782383727.7696023,61538.015,-0.15271040361701127,1.07943,1.46853
1782383727.7697365,61538.015,-0.15266968858538876,1.07952,1.46853
1782383727.7699602,61538.015,-0.15269961619063316,1.07952,1.46862
1782383727.770249,61538.015,-0.15265890441600644,1.07961,1.46862
1782383727.7704246,61538.015,-0.15251417472680542,1.07993,1.46862
1782383727.7706017,61538.015,-0.1525707021563765,1.07993,1.46879
1782383727.7708125,61538.015,-0.15253000419803753,1.08002,1.46879
1782383727.7710118,61538.015,-0.1525707021563765,1.07993,1.46879
1782383727.7711465,61538.015,-0.15148872310418116,1.07993,1.46554
1782383727.7712905,61538.015,-0.15151872279576986,1.07993,1.46563
1782383727.771456,61538.015,-0.15155205329855517,1.07993,1.46573
1782383727.7716026,61538.015,-0.15151134243346753,1.08002,1.46573
1782383727.7717292,61538.015,-0.15160798730577685,1.08002,1.46602
1782383727.7718244,61538.015,-0.15147683136121398,1.08031,1.46602
1782383727.7719498,61538.015,-0.15143613386636925,1.0804,1.46602
1782383727.7720745,61538.015,-0.15159605795280534,1.0804,1.4665
1782383727.7721984,61538.015,-0.2232097056039103,0.93129,1.4665
1782383727.7723234,61538.015,-0.26868742392712713,0.93129,1.61561
1782383727.7724197,61538.015,-0.3091346100348293,0.93129,1.76472
1782383727.772515,61538.015,-0.26868742392712713,0.93129,1.61561
1782383727.7726424,61538.015,-0.2687132654623693,0.93129,1.6157
1782383727.7727711,61538.015,-0.27103725475615537,0.93129,1.62382
1782383727.9749157,61538.015,-0.2709377727164219,0.93149,1.62382
1782383727.975092,61538.015,-0.2709634499491273,0.93149,1.62391
1782383727.9751937,61538.015,-0.2709891253732161,0.93149,1.624
1782383727.9752908,61538.015,-0.27101479898887926,0.93149,1.62409
1782383727.9754174,61538.015,-0.2709891253732161,0.93149,1.624
1782383727.9755185,61538.015,-0.2709634499491273,0.93149,1.62391
1782383727.9756126,61538.015,-0.2709891253732161,0.93149,1.624
1782383727.975705,61538.015,-0.27101479898887926,0.93149,1.62409
1782383727.9757984,61538.015,-0.2709302553066614,0.93166,1.62409
1782383727.975922,61538.015,-0.2705822527332825,0.93236,1.62409
1782383727.9760466,61538.015,-0.27072640210315474,0.93207,1.62409
1782383727.9762113,61538.015,-0.5603722011654105,0.45758,1.62409
1782383727.9764102,61538.015,-0.5604334377221464,0.45758,1.62438
1782383727.976507,61538.015,-0.6261906706968385,0.45758,1.99062
1782383727.9766006,61538.015,-0.625998064112984,0.45787,1.99062
1782383727.9766912,61538.015,-0.48140265229880785,0.69686,1.99062
1782383727.9767835,61538.015,-0.34529529833951716,0.96876,1.99062
1782383727.9769447,61538.015,-0.34507713202651485,0.96924,1.99062
1782383727.9772723,61538.015,-0.3450970455582019,0.96924,1.99071
1782383727.9774394,61538.015,-0.34487895339528374,0.96972,1.99071
1782383727.977568,61538.015,-0.34498294437502103,0.96972,1.99118
1782383727.9777157,61538.015,-0.34511468920256294,0.96943,1.99118
1782383728.0484948,61538.015,-0.3727828261425138,0.96943,2.12178
1782383728.0487335,61538.015,-0.37292279827937513,0.96943,2.12247
1782383728.0488696,61538.015,-0.3729410509089615,0.96943,2.12256
1782383728.0489936,61538.015,-0.37272794885641575,0.96991,2.12256
1782383728.0491152,61538.015,-0.37215112952805146,0.97121,2.12256
1782383728.0492125,61538.015,-0.3715747947542382,0.97251,2.12256
1782383728.049337,61538.015,-0.3378209734145142,1.0506,2.12256
1782383728.049459,61538.015,-0.23087622714993744,1.0506,1.68134
1782383728.0495813,61538.015,-0.2223748973078293,1.0696,1.68134
1782383728.0496786,61538.015,-0.17780946487664445,1.0696,1.53223
1782383728.0498002,61538.015,-0.16927080352407445,1.0886,1.53223
1782383728.0499196,61538.015,-0.15909873176414524,1.1116,1.53223
1782383728.050045,61538.015,-0.15900330240246946,1.1116,1.53193
1782383728.0501385,61538.015,-0.14900638657731208,1.1346,1.53193
1782383728.050264,61538.015,-0.1408772197666755,1.1536,1.53193
1782383728.050363,61538.015,-0.1328622718180238,1.1726,1.53193
1782383728.0504847,61538.015,-0.12495915227664098,1.1916,1.53193
1782383728.0506036,61538.015,0.042190557768177005,1.66689,1.53193
1782383728.0507216,61538.015,0.047846057268585596,1.68589,1.53193
1782383728.05084,61538.015,0.053435161671022795,1.70489,1.53193
1782383728.0509353,61538.015,0.03079899634209014,1.70489,1.60301
1782383728.0510292,61538.015,0.036334124860981656,1.72389,1.60301
1782383728.05114,61538.015,0.04295053583689066,1.74689,1.60301
1782383728.0513384,61538.015,0.048348125500905316,1.76589,1.60301
1782383728.0515974,61538.015,0.053685173706425816,1.78489,1.60301
1782383728.0518408,61538.015,0.058962693357597795,1.80389,1.60301
1782383728.0520854,61538.015,0.05899377715157918,1.80389,1.60291
1782383728.052292,61538.015,0.05890363917595368,1.80389,1.6032
1782383728.0524466,61538.015,0.06337359603896767,1.82015,1.6032
1782383728.0525637,61538.015,0.06345293313549324,1.82044,1.6032
1782383728.0526876,61538.015,0.06333180491993352,1.82044,1.60359
1782383728.0527976,61538.015,0.10241972046995075,1.96955,1.60359
1782383728.052864,61538.015,0.10249256316760086,1.96984,1.60359
1782383728.053015,61538.015,0.10240309817221273,1.96984,1.60388
1782383728.0530777,61538.015,0.10247593039750867,1.97013,1.60388
1782383728.0531921,61538.015,0.10244816876976025,1.97013,1.60397
1782383728.053291,61538.015,0.10242040854011676,1.97013,1.60406
1782383728.0533524,61538.015,0.10201339651847269,1.96851,1.60406
1782383728.0534165,61538.015,0.10204115908276606,1.96851,1.60397
1782383728.0534706,61538.015,0.10206892304591604,1.96851,1.60388
1782383728.0535386,61538.015,0.10166154638915417,1.96689,1.60388
1782383728.0536623,61538.015,0.10161527001445005,1.96689,1.60403
1782383728.0539613,61538.015,0.22751101514035726,1.96689,1.23779
1782383728.0697367,61538.015,0.2313148323202224,1.96689,1.22789
1782383728.1194851,61538.015,0.23154612451395976,1.96689,1.22729
1782383728.1582134,61538.015,0.23151142514565148,1.96689,1.22738
1782383728.1583016,61538.015,0.23153307704829768,1.96698,1.22738
1782383728.1583667,61538.015,0.23155472773090838,1.96707,1.22738
1782383728.1584399,61538.015,0.23152003105298416,1.96707,1.22747
1782383728.1589105,61538.015,0.23148533633002885,1.96707,1.22756
1782383728.1985672,61538.015,0.24246070470975017,1.96707,1.19934
1782383728.2135973,61538.015,0.24254311161644876,1.96707,1.19913
1782383728.214205,61538.015,0.2528156573917432,2.0106,1.19913
1782383728.2236593,61538.015,-0.09208726005066535,2.0106,2.41846
1782383728.2241178,61538.015,-0.09210570877030583,2.0106,2.41855
1782383728.2399879,61538.015,-0.13015298922439977,1.86149,2.41855
1782383728.240442,61538.015,-0.13012922504690283,1.86158,2.41855
1782383728.2405658,61538.015,-0.1301637735672733,1.86158,2.41872
1782383728.278761,61538.015,-0.12662972849978188,1.86158,2.4014
1782383728.2824755,61538.015,-0.1535502528100105,1.86158,2.53698
1782383728.2846596,61538.015,-0.1535675718686415,1.86158,2.53707
1782383728.285137,61538.015,-0.153534857496226,1.86158,2.5369
1782383728.3118613,61538.015,-0.15275280924445095,1.86158,2.53284
1782383728.3701758,61538.015,-0.12578072902480492,1.86158,2.39726
1782383728.3818073,61538.015,-0.12581562381868086,1.86158,2.39743
1782383728.6824415,61538.015,-0.1258394146872916,1.86149,2.39743
1782383728.6826148,61538.015,-0.12585788716157043,1.86149,2.39752
1782383728.712189,61538.015,-0.10984478504603674,1.92294,2.39752
1782383728.7124074,61538.015,-0.10986790483222504,1.92285,2.39752
1782383728.789706,61538.015,-0.10904132908069454,1.92607,2.39752
1782383728.8055062,61538.015,-0.10901824371831402,1.92616,2.39752
1782383728.908553,61538.015,-0.1361019727621136,1.92616,2.53307
1782383728.9338844,61538.015,-0.13606903697191786,1.92616,2.5329
1782383728.958705,61538.015,-0.1358868760822948,1.92616,2.53196
1782383729.1764128,61538.015,-0.13586139759814456,1.92626,2.53196
1782383729.24022,61538.015,-0.13606874636993782,1.92626,2.53303
1782383729.2412653,61538.015,-0.13610168047252355,1.92626,2.5332
1782383729.6038754,61538.015,-0.1360583725555707,1.92643,2.5332
1782383729.6040652,61538.015,-0.13606091998869857,1.92642,2.5332
1782383729.6041172,61538.015,-0.13683586965789907,1.92338,2.5332
1782383729.6669822,61538.015,-0.4656880755177671,0.92347,2.5332
1782383729.6672633,61538.015,-0.3858147104680106,1.1227,2.5332
1782383729.6683161,61538.015,-0.38573890210880446,1.1229,2.5332
1782383729.6684315,61538.015,-0.3857047910529814,1.12299,2.5332
1782383729.6685307,61538.015,-0.385670681676458,1.12308,2.5332
1782383729.6686246,61538.015,-0.3856365739791104,1.12317,2.5332
1782383729.6687162,61538.015,-0.28231801304489784,1.41777,2.5332
1782383729.668808,61538.015,-0.28225310477655985,1.41797,2.5332
1782383729.6689014,61538.015,-0.28228231268412685,1.41788,2.5332
1782383729.6689906,61538.015,-0.28225310477655985,1.41797,2.5332
1782383729.6690826,61538.015,-0.23988967664096206,1.55297,2.5332
1782383729.6692286,61538.015,-0.23882856073961956,1.55647,2.5332
1782383729.6693234,61538.015,-0.18228256329239462,1.75207,2.5332
1782383729.6694143,61538.015,-0.1765170321415053,1.77307,2.5332
1782383729.6695058,61538.015,-0.1708074605929373,1.79407,2.5332
1782383729.669596,61538.015,-0.165153037874833,1.81507,2.5332
1782383729.6696863,61538.015,-0.1595529688025688,1.83607,2.5332
1782383729.6697989,61538.015,-0.1595290843510262,1.83616,2.5332
1782383729.669896,61538.015,-0.15944947661831813,1.83646,2.5332
1782383729.6701481,61538.015,-0.15390396887939392,1.85746,2.5332
1782383729.6702454,61538.015,-0.08735963737509012,2.12616,2.5332
1782383729.6703389,61538.015,-0.0873386343881788,2.12625,2.5332
1782383729.6821191,61538.015,-0.08731763221262186,2.12634,2.5332
1782383729.6909308,61538.015,-0.08720563431058236,2.12682,2.5332
1782383729.6960404,61538.015,-0.08709599205233785,2.12729,2.5332
1782383729.696245,61538.015,-0.08711698566646633,2.1272,2.5332
1782383729.696383,61538.015,-0.08700736128662669,2.12767,2.5332
1782383729.6971946,61538.015,-0.08698637190621676,2.12776,2.5332
1782383729.7001555,61538.015,-0.08682314883539338,2.12846,2.5332
1782383729.7247627,61538.015,-0.08686744739320425,2.12827,2.5332
1782383729.7517922,61538.015,-0.08656442415130913,2.12957,2.5332
1782383729.7519112,61538.015,-0.0862615698306415,2.13087,2.5332
1782383729.7573206,61538.015,-0.09661388213089063,2.08684,2.5332
1782383729.7581127,61538.015,-0.09657353237190519,2.08701,2.5332
1782383729.7783232,61538.015,-0.0968862848104964,2.08701,2.5348
1782383729.8554418,61538.015,-0.14535912213835314,1.89141,2.5348
1782383729.8564763,61538.015,-0.14541087796909635,1.89121,2.5348
1782383729.8566024,61538.015,-0.21944237980809714,1.62251,2.5348
1782383730.0167007,61538.015,-0.19695896491476608,1.7006,2.5348
1782383730.0170326,61538.015,-0.1969844001973882,1.70051,2.5348
1782383730.065455,61538.015,-0.19669989914521438,1.70051,2.5333
1782383730.0662136,61538.015,-0.19664487235208525,1.70051,2.53301
1782383730.0663302,61538.015,-0.16833683016173442,1.70051,2.38891
1782383730.0664637,61538.015,-0.1676244273015624,1.70051,2.38541
1782383730.0665689,61538.015,-0.16756534487949232,1.70051,2.38512
1782383730.0666752,61538.015,-0.16748587598280637,1.70051,2.38473
1782383730.06677,61538.015,-0.16742677388952132,1.70051,2.38444
1782383730.0668223,61538.015,-0.16736766340405324,1.70051,2.38415
1782383730.0668747,61538.015,-0.05793355991546103,1.70051,1.90966
1782383730.066926,61538.015,-0.0589602042881661,1.69701,1.90966
1782383730.0669792,61538.015,-0.05469848847346127,1.69701,1.8934
1782383730.0675588,61538.015,-0.05271971665489784,1.69701,1.8859
1782383730.0676324,61538.015,-0.045556549175763954,1.69701,1.85901
1782383730.0676847,61538.015,0.16141682436154955,1.69701,1.2253
1782383730.0677354,61538.015,0.17057776674116373,1.69701,1.20243
1782383730.0677872,61540.240000000005,0.9995522537542934,1.69701,0.00038
1782383730.067838,61542.229999999996,0.9981783317353787,0.41682,0.00038
1782383730.067887,61542.229999999996,0.9985647378758119,0.52914,0.00038
1782383730.067943,61542.229999999996,0.9988246938018062,0.64626,0.00038
1782383730.0681405,61542.229999999996,0.999285351588212,1.06308,0.00038
1782383730.0683398,61542.229999999996,0.9993550686512448,1.17804,0.00038
1782383730.068537,61542.229999999996,0.9994102034797994,1.2882,0.00038
1782383730.0687366,61542.229999999996,0.9994279606798235,1.3282,0.00038
1782383730.069011,61542.229999999996,0.9994487080909341,1.3782,0.00038
1782383730.069067,61542.229999999996,0.9994642529853797,1.4182,0.00038
1782383730.0691211,61542.759999999995,0.9006902097433491,1.4182,0.0741
1782383730.0691712,61543.0,0.2928714572001145,0.13548,0.0741
1782383730.0692308,61543.0,0.570509476612763,0.27096,0.0741
1782383730.0692847,61543.524999999994,0.21612186607426218,0.11496,0.0741
1782383730.0693371,61543.524999999994,0.5125320702585356,0.22992,0.0741
1782383730.06939,61543.524999999994,0.6627986348122867,0.3654,0.0741
1782383730.0695448,61543.524999999994,0.7422519044140665,0.50088,0.0741
1782383730.0697417,61543.524999999994,0.8050380193880861,0.50088,0.0541
1782383730.0699415,61543.524999999994,0.8381591985026973,0.50088,0.0441
1782383730.0701363,61543.765,0.9565625,0.50088,0.01112
1782383730.0703266,61544.0,0.8236040609137056,0.11496,0.01112
1782383730.0703814,61544.0,0.9058584490348799,0.22512,0.01112
1782383730.0704195,61544.005000000005,0.8482946793997271,0.13548,0.01112
1782383730.0704582,61544.005000000005,0.9149717082122648,0.25044,0.01112
1782383730.070549,61544.005000000005,0.9401700204454965,0.3606,0.01112
1782383730.0706427,61544.005000000005,0.9561514195583597,0.49608,0.01112
1782383730.071156,61544.005000000005,0.9593567251461987,0.53608,0.01112
1782383730.0714731,61544.009999999995,0.7021654918397155,0.53608,0.0938
1782383730.0716898,61544.015,0.09354464630846543,0.11316,0.0938
1782383730.0718877,61544.015,0.40954299383104625,0.22392,0.0938
1782383730.0720856,61544.015,0.6125594123577703,0.22392,0.0538
1782383730.0723002,61544.015,0.6716709386061271,0.27392,0.0538
1782383730.072496,61544.015,0.8285859937551776,0.57392,0.0538
1782383730.07278,61544.015,0.8388546097166478,0.61392,0.0538
1782383730.0729816,61544.015,0.8927998565351241,0.94993,0.0538
1782383730.0731864,61544.015,0.9287851110581632,1.45712,0.0538
1782383730.0733843,61544.015,0.9286702271990258,1.45712,0.05389
1782383730.0735958,61544.015,0.9338647227386804,1.5758,0.05389
1782383730.0738406,61544.015,0.9392641597682819,1.72068,0.05389
1782383730.074044,61544.015,0.9477827786848314,2.01018,0.05389
1782383730.0742567,61544.015,0.9488612639969634,2.05371,0.05389
1782383730.0744557,61544.015,0.9498137455764575,2.09371,0.05389
1782383730.0746794,61544.015,0.9507313951362224,2.13371,0.05389
1782383730.0748775,61544.015,0.9516662107439313,2.17602,0.05389
1782383730.0750759,61544.015,0.9545233986354488,2.31612,0.05389
1782383730.0753267,61544.015,0.9566087338108064,2.43002,0.05389
1782383730.0755298,61544.015,0.956537842190016,2.43002,0.05398
1782383730.0757296,61544.015,0.9497390583755044,2.09401,0.05398
1782383730.0759287,61544.015,0.9497411642024505,2.0941,0.05398
1782383730.0761278,61544.015,0.9468020104464374,1.97542,0.05398
1782383730.0763268,61544.015,0.9468072526606228,1.97562,0.05398
1782383730.0765297,61544.015,0.9467209278264168,1.97562,0.05407
1782383730.0766592,61544.015,0.9466346106474592,1.97562,0.05416
1782383730.0767028,61544.015,0.946548301122732,1.97562,0.05425
1782383730.076763,61544.015,0.8133438581354578,1.97562,0.20336
1782383730.0768075,61544.015,0.8132689633651053,1.97562,0.20345
1782383730.076848,61544.015,0.8131940747811083,1.97562,0.20354
1782383730.0768886,61544.015,0.8481690624137495,2.4776,0.20354
1782383730.07693,61544.015,0.8481070255069502,2.4776,0.20363
1782383730.076983,61544.015,0.859390009606148,2.4776,0.18736
1782383730.077024,61544.015,0.8708116087575367,2.4776,0.17109
1782383730.0770667,61544.015,0.8715993605859794,2.49385,0.17109
1782383730.0771081,61544.015,0.8715361553153247,2.49385,0.17118
1782383730.077158,61544.015,0.871472954313502,2.49385,0.17127
1782383730.077216,61544.015,0.8714845274184352,2.49409,0.17127
1782383730.0772688,61544.015,0.8416644325083896,1.99211,0.17127
1782383730.0773084,61544.015,0.7229133963822547,1.99211,0.32038
1782383730.0773516,61544.015,0.7599961045625311,2.34941,0.32038
1782383730.0776033,61544.015,0.7599367761846976,2.34941,0.32047
1782383730.0776498,61544.015,0.7598774518065746,2.34941,0.32056
1782383730.0776927,61544.015,0.7598181314277581,2.34941,0.32065
1782383730.0777626,61544.015,0.7597588150478436,2.34941,0.32074
1782383730.077805,61544.015,0.759699502666427,2.34941,0.32083
1782383730.0778506,61544.015,0.7596401942831036,2.34941,0.32092
1782383730.0778973,61544.015,0.7595808898974694,2.34941,0.32101
1782383730.0779996,61544.015,0.8636423129246305,2.34941,0.1719
1782383730.0781946,61544.015,0.9404296756553515,5.59943,0.1719
1782383730.0783658,61544.015,0.8915587354993885,5.59943,0.32101
1782383730.0784628,61544.015,0.8915618492013491,5.5996,0.32101
1782383730.0785222,61544.015,0.8915634975594101,5.59969,0.32101
1782383730.0785794,61544.015,0.8915347445188901,5.59969,0.3211
1782383730.078727,61544.015,0.8915059923524883,5.59969,0.32119
1782383730.0788987,61544.015,0.8914772410601642,5.59969,0.32128
1782383730.078971,61544.015,0.8916260477981481,5.60782,0.32128
1782383730.079077,61544.015,0.9404255024662671,5.60782,0.17217
1782383730.0792317,61544.015,0.940395288646524,5.60782,0.17226
1782383730.0792742,61544.015,0.9403650757676678,5.60782,0.17235
1782383730.0793157,61544.015,0.9403348638296547,5.60782,0.17244
1782383730.0793447,61544.015,0.9474369615118817,5.60782,0.15136
1782383730.0794053,61544.015,0.947511058014915,5.61595,0.15136
1782383730.079443,61544.015,0.9493113870214244,5.82079,0.15136
1782383730.0795023,61544.015,0.9481696551839548,5.82079,0.15486
1782383730.079556,61544.015,0.9481704357953993,5.82088,0.15486
1782383730.0796316,61544.015,0.9483221207752682,5.83842,0.15486
1782383730.0797172,61544.015,0.9482571060552468,5.83842,0.15506
1782383730.0797663,61544.015,0.9482738490380992,5.84036,0.15506
1782383730.0799003,61544.015,0.8264195314772134,5.84036,0.55506
1782383730.0799947,61544.015,0.8263938294209531,5.84036,0.55515
1782383730.0800636,61544.015,0.8261728596075385,5.83223,0.55515
1782383730.0801444,61544.015,0.8271740696880269,5.83223,0.55165
1782383730.0802658,61544.015,0.827176506155261,5.83232,0.55165
1782383730.0803185,61544.015,0.8271789425537982,5.83241,0.55165
1782383730.0805464,61544.015,0.8271813788836414,5.8325,0.55165
1782383730.0806212,61544.015,0.8375340158092521,6.23931,0.55165
1782383730.0806758,61544.015,0.8375096634541052,6.23931,0.55174
1782383730.0807285,61544.015,0.9525148449785246,6.23931,0.15174
1782383730.0826812,61544.015,0.9525751736941295,6.24744,0.15174
1782383730.082794,61544.015,0.9991584094258145,6.24744,0.00263
1782383730.0828965,61544.015,0.9991871973990317,6.24744,0.00254
1782383730.083053,61544.015,0.9991584094258145,6.24744,0.00263
1782383730.0831501,61544.015,0.9991871973990317,6.24744,0.00254
1782383730.083243,61544.015,0.878934974240524,6.24744,0.40254
1782383730.083337,61544.015,0.8789604038563044,6.24744,0.40245
1782383730.084821,61544.015,0.8789620419911037,6.24753,0.40245
1782383730.084939,61544.015,0.8789636800815631,6.24762,0.40245
1782383730.0850372,61544.015,0.8789891097416835,6.24762,0.40236
1782383730.0851321,61544.015,0.8790145400901369,6.24762,0.40227
1782383730.0852246,61544.015,0.879377321065265,6.26762,0.40227
1782383730.0853167,61544.015,0.909879494319722,8.52511,0.40227
1782383730.0854077,61544.015,0.909898748668409,8.52511,0.40218
1782383730.0855002,61544.015,0.9099180034053231,8.52511,0.40209
1782383730.0856464,61544.015,0.9099372585304765,8.52511,0.402
1782383730.0857418,61544.015,0.9099565140438804,8.52511,0.40191
1782383730.0858347,61544.015,0.9099372585304765,8.52511,0.402
1782383730.0859668,61544.015,0.8794534021428507,6.26762,0.402
1782383730.0862248,61544.015,0.8794280410992381,6.26762,0.40209
1782383730.086376,61544.015,0.8794296680560136,6.26771,0.40209
1782383730.0893104,61544.015,0.877144380286077,6.26771,0.41021
1782383730.1030638,61544.015,0.8770094633445137,6.26771,0.41069
1782383730.1062906,61544.015,0.8770347587937668,6.26771,0.4106
1782383730.1064065,61544.015,0.8770600549248152,6.26771,0.41051
1782383730.106507,61544.015,0.877085351737687,6.26771,0.41042
1782383730.1071975,61544.015,0.8771106492324094,6.26771,0.41033
1782383730.107314,61544.015,0.877085351737687,6.26771,0.41042
1782383730.1105745,61544.015,0.9966805402245573,6.26771,0.01042
1782383730.1113055,61544.205,0.9999010851911768,6.26771,0.00031
1782383730.111539,61544.285,0.994649175800466,0.11556,0.00031
1782383730.1115944,61544.285,0.9972929310570667,0.22872,0.00031
1782383730.1116598,61544.285,0.998215056859076,0.34704,0.00031
1782383730.1117141,61544.285,0.9986501491367487,0.459,0.00031
1782383730.1118162,61544.285,0.9992426185851626,0.8183,0.00031
1782383730.1119277,61544.285,0.9994736439965701,1.1776,0.00031
1782383730.1120222,61544.285,0.9995218668784848,1.2964,0.00031
1782383730.1121519,61544.285,0.9996256061255668,1.6557,0.00031
1782383730.1122506,61544.285,0.9996494818550324,1.7685,0.00031
1782383730.112344,61544.395000000004,0.9943009467781965,0.10848,0.00031
1782383730.1124427,61544.395000000004,0.9971929189115769,0.22056,0.00031
1782383730.112606,61544.395000000004,0.9988096837982605,0.52056,0.00031
1782383730.1127036,61544.395000000004,0.9991551134836207,0.52056,0.00022
1782383730.1128302,61544.395000000004,0.9993390118226749,0.66545,0.00022
1782383730.113059,61544.395000000004,0.9993795826283136,0.70898,0.00022
1782383730.1132715,61544.395000000004,0.9996333432048625,0.70898,0.00013
1782383730.1134894,61544.415,-0.15464813205907904,0.13622,0.18606
1782383730.1137302,61544.415,0.1428176541048558,0.24806,0.18606
1782383730.1139212,61544.415,0.3247931484976048,0.36506,0.18606
1782383730.114142,61544.415,0.850184988089808,0.36506,0.02956
1782383730.1141942,61544.415,0.9446348635537825,1.03826,0.02956
1782383730.1142452,61544.415,0.9567779386176544,1.33826,0.02956
1782383730.114951,61544.415,0.5140229208856105,1.33826,0.42956
1782383730.11502,61544.415,0.5257018246059569,1.38179,0.42956
1782383730.1150963,61544.415,0.4929500988579692,1.26479,0.42956
1782383730.1153398,61544.415,0.8262427771384422,4.51481,0.42956
1782383730.1155682,61544.415,0.831189603203609,4.6597,0.42956
1782383730.115663,61544.415,0.8377212368485671,4.86454,0.42956
1782383730.115744,61544.415,0.8518347334346257,5.36883,0.42956
1782383730.1158345,61544.415,0.8519177336063595,5.37208,0.42956
1782383730.1158986,61544.415,0.8519200307494488,5.37217,0.42956
1782383730.115942,61544.415,0.8518913030738632,5.37217,0.42965
1782383730.1159942,61544.415,0.8547424649661073,5.48605,0.42965
1782383730.1160517,61544.415,0.8645769309567712,5.91565,0.42965
1782383730.1160996,61544.415,0.8645504846825807,5.91565,0.42974
1782383730.1161969,61544.415,0.8829610787168042,6.9138,0.42974
1782383730.1163576,61544.415,0.8832789663667204,6.9338,0.42974
1782383730.1164489,61544.415,0.883255948492795,6.9338,0.42983
1782383730.1164875,61544.415,0.8832591192355066,6.934,0.42983
1782383730.1165593,61544.415,0.8893696207223161,7.34073,0.42983
1782383730.1166556,61544.415,0.8893477379627187,7.34073,0.42992
1782383730.1167042,61544.415,0.9918813130456609,7.34073,0.02992
1782383730.1167564,61544.415,0.9920084936464587,7.45803,0.02992
1782383730.116934,61544.415,0.9919845513645761,7.45803,0.03001
1782383730.1170878,61544.415,0.9919606096582191,7.45803,0.0301
1782383730.1171649,61544.415,0.9923290017253374,7.81764,0.0301
1782383730.1172664,61544.415,0.9927576682097727,8.28214,0.0301
1782383730.1173368,61544.415,0.9927577466245928,8.28223,0.0301
1782383730.1175067,61544.415,0.9927361706939738,8.28223,0.03019
1782383730.1176133,61544.415,0.9927145952305623,8.28223,0.03028
1782383730.1177137,61544.415,0.9926930202343431,8.28223,0.03037
1782383730.1177719,61544.415,0.992947541973388,8.58223,0.03037
1782383730.1178656,61544.415,0.9044959279231298,8.58223,0.43037
1782383730.1179059,61544.415,0.9044769097794332,8.58223,0.43046
1782383730.1180007,61544.415,0.90445789201556,8.58223,0.43055
1782383730.1181064,61544.415,0.9045439983327624,8.59036,0.43055
1782383730.1182477,61544.415,0.9045249972286885,8.59036,0.43064
1782383730.11836,61544.415,0.9045059965037483,8.59036,0.43073
1782383730.1184049,61544.415,0.9045077960284926,8.59053,0.43073
1782383730.118501,61544.415,0.9044887960227681,8.59053,0.43082
1782383730.1185951,61544.415,0.9044697963961406,8.59053,0.43091
1782383730.1187012,61544.415,0.9044707494183357,8.59062,0.43091
1782383730.118817,61544.415,0.904451750350824,8.59062,0.431
1782383730.1188698,61544.415,0.904432751662379,8.59062,0.43109
1782383730.1190925,61544.415,0.9045187954603848,8.59875,0.43109
1782383730.1201546,61544.415,0.9927947679215372,8.59875,0.03109
1782383730.1202645,61544.415,0.9927485851745762,8.59875,0.03129
1782383730.1212554,61544.415,0.9044766136141146,8.59875,0.43129
1782383730.1219454,61544.415,0.9248009723896407,8.59875,0.33594
1782383730.122001,61544.415,0.9281527796045771,9.01557,0.33594
1782383730.1277509,61544.415,0.9284611502349915,9.05588,0.33594
1782383730.1278226,61544.415,0.9284200842843179,9.05588,0.33614
1782383730.1278846,61544.415,0.9284016051771113,9.05588,0.33623
1782383730.1279447,61544.415,0.9283831264240539,9.05588,0.33632
1782383730.1280274,61544.415,0.9283646480251354,9.05588,0.33641
1782383730.1280928,61544.415,0.9283461699803459,9.05588,0.3365
1782383730.1281483,61544.415,0.9283276922896747,9.05588,0.33659
1782383730.128232,61544.415,0.9283092149531119,9.05588,0.33668
1782383730.1282935,61544.415,0.9282907379706473,9.05588,0.33677
1782383730.1283455,61544.415,0.9282914250793699,9.05597,0.33677
1782383730.1283975,61544.415,0.9282729486214486,9.05597,0.33686
1782383730.128465,61544.415,0.9282544725175984,9.05597,0.33695
1782383730.1285307,61544.415,0.9282359967678092,9.05597,0.33704
1782383730.1285856,61544.415,0.9282175213720709,9.05597,0.33713
1782383730.1298928,61544.415,0.9997372244721304,9.05597,0.00119
1782383730.130065,61544.415,0.9151563471486155,9.05597,0.40119
1782383730.1301677,61544.415,0.9997372244721304,9.05597,0.00119
1782383730.3215172,61544.415,0.9997372621836385,9.05727,0.00119
1782383730.3217168,61544.415,0.915168008322708,9.05727,0.40119
1782383730.3218253,61544.415,0.9158626547336302,9.13536,0.40119
1782383730.3219533,61544.415,0.9158807356188775,9.13536,0.4011
1782383730.3220475,61544.415,0.915881529483933,9.13545,0.4011
1782383730.322148,61544.415,0.9158823233340045,9.13554,0.4011
1782383730.32224,61544.415,0.8873639825054698,9.13554,0.5452
1782383730.3223326,61544.415,0.8873650296513833,9.13563,0.5452
1782383730.322459,61544.415,0.8873801529208967,9.13693,0.5452
1782383730.3225818,61544.415,0.8873626089884346,9.13693,0.54529
1782383730.3227048,61544.415,0.794279744435422,9.13693,1.04758
1782383730.3228288,61544.415,0.7942638886161459,9.13693,1.04767
1782383730.322987,61544.415,0.7918667368609259,9.01963,1.04767
1782383730.3231103,61544.415,0.7918151215931519,9.01963,1.04796
1782383730.3232076,61544.415,0.7917635092988793,9.01963,1.04825
1782383730.3233309,61544.415,0.7917118999778511,9.01963,1.04854
1782383730.3234482,61544.415,0.7915435723913622,9.0115,1.04854
1782383730.3235688,61544.415,0.7914919291911895,9.0115,1.04883
1782383730.3236873,61544.415,0.7914759025965118,9.0115,1.04892
1782383730.3237815,61544.415,0.7914919291911895,9.0115,1.04883
1782383730.323901,61544.415,0.7914402889682742,9.0115,1.04912
1782383730.32402,61544.415,0.7913886517223592,9.0115,1.04941
1782383730.324137,61544.415,0.7914402889682742,9.0115,1.04912
1782383730.3242564,61544.415,0.7914919291911895,9.0115,1.04883
1782383730.3243496,61544.415,0.7915435723913622,9.0115,1.04854
1782383730.3244405,61544.415,0.79159521856905,9.0115,1.04825
1782383730.3245306,61544.415,0.8857520722032843,9.0115,0.54596
1782383730.3246202,61544.415,0.8858092929183012,9.0115,0.54567
1782383730.32471,61544.415,0.8858665171060012,9.0115,0.54538
1782383730.3247998,61544.415,0.885872249240376,9.01198,0.54538
1782383730.3249316,61544.415,0.8826731845909586,9.01198,0.56162
1782383730.3250275,61544.415,0.8826789442734386,9.01245,0.56162
1782383730.3366263,61544.415,0.8826847033904501,9.01292,0.56162
1782383730.3367672,61544.415,0.8826882566061226,9.01321,0.56162
1782383730.336865,61544.415,0.8767069908554356,8.54871,0.56162
1782383730.3369586,61544.415,0.7782176034745999,8.54871,1.06621
1782383730.3370507,61544.415,0.7782342485514565,8.54871,1.06612
1782383730.3371425,61544.415,0.7781806155305394,8.54871,1.06641
1782383730.3372333,61544.415,0.7781873055855133,8.549,1.06641
1782383730.3373234,61544.415,0.7781336772153873,8.549,1.0667
1782383730.337413,61544.415,0.7781403682824128,8.54929,1.0667
1782383730.3375013,61544.415,0.876613912241807,8.54929,0.56211
1782383730.33759,61544.415,0.8766736434967857,8.54929,0.56182
1782383730.3376775,61544.415,0.876677568760015,8.54958,0.56182
1782383730.3377671,61544.415,0.876597243790737,8.54958,0.56221
1782383730.3378563,61544.415,0.8766011711925268,8.54987,0.56221
1782383730.3379471,61544.415,0.8766814937733836,8.54987,0.56182
1782383730.33807,61544.415,0.876741225278223,8.54987,0.56153
1782383730.3389537,61544.415,0.8767506941319784,8.55057,0.56153
1782383730.339062,61544.415,0.867719655401391,8.55057,0.60559
1782383730.3391607,61544.415,0.8677218224372045,8.55072,0.60559
1782383730.3392568,61544.415,0.8614129657451408,8.1339,0.60559
1782383730.3393497,61544.415,0.8613937969559179,8.1339,0.60568
1782383730.339441,61544.415,0.7595427814919089,8.1339,1.11157
1782383730.3395317,61544.415,0.7594751413792469,8.1313,1.11157
1782383730.3396235,61544.415,0.8613525497368657,8.1313,0.60568
1782383730.3397121,61544.415,0.8545829957084122,7.72457,0.60568
1782383730.3398035,61544.415,0.8546056856167219,7.72587,0.60568
1782383730.3398936,61544.415,0.8546283684453697,7.72717,0.60568
1782383730.3399823,61544.415,0.8549590809221908,7.74617,0.60568
1782383730.3400707,61544.415,0.8616944755885088,8.1529,0.60568
1782383730.3401592,61544.415,0.8619938525197152,8.1719,0.60568
1782383730.3402474,61544.415,0.8622919361842899,8.1909,0.60568
1782383730.3403356,61544.415,0.8622964759056347,8.19119,0.60568
1782383730.3404233,61544.415,0.8625932551183265,8.21019,0.60568
1782383730.340511,61544.415,0.8628887578425037,8.22919,0.60568
1782383730.3406172,61544.415,0.8632447755498783,8.25219,0.60568
1782383730.3407073,61544.415,0.8635374856227478,8.27119,0.60568
1782383730.3407958,61544.415,0.7630048193233339,8.27119,1.11187
1782383730.3408914,61544.415,0.7630121438505438,8.27148,1.11187
1782383730.3409798,61544.415,0.7629576582221824,8.27148,1.11216
1782383730.341067,61544.415,0.7629745671947185,8.27148,1.11207
1782383730.3411753,61544.415,0.762981387111006,8.27175,1.11207
1782383730.341264,61544.415,0.7629856809310326,8.27192,1.11207
1782383730.341354,61544.415,0.763147469756347,8.27833,1.11207
1782383730.3414419,61544.415,0.7635566328076414,8.29458,1.11207
1782383730.3415291,61544.415,0.7639643846374259,8.31083,1.11207
1782383730.341617,61544.415,0.7643707325341795,8.32708,1.11207
1782383730.3417056,61544.415,0.7648440762728441,8.34608,1.11207
1782383730.3418024,61544.415,0.7653155220715089,8.36508,1.11207
1782383730.341969,61544.415,0.7649124290500904,8.34883,1.11207
1782383730.3420942,61544.415,0.7653836010928385,8.36783,1.11207
1782383730.3422148,61544.415,0.7548662705537316,7.9611,1.11207
1782383730.3423083,61544.415,0.755378528998028,7.9801,1.11207
1782383730.3424313,61544.415,0.7559957740777188,8.0031,1.11207
1782383730.3425512,61544.415,0.7566099120502245,8.0261,1.11207
1782383730.3426878,61544.415,0.7571149165080479,8.0451,1.11207
1782383730.3428087,61544.415,0.7576178296609588,8.0641,1.11207
1782383730.3429296,61544.415,0.7581186644727613,8.0831,1.11207
1782383730.34305,61544.415,0.7586174338003315,8.1021,1.11207
1782383730.3431697,61544.415,0.7591141503947182,8.1211,1.11207
1782383730.343292,61544.415,0.7596088269022295,8.1401,1.11207
1782383730.3434112,61544.415,0.7593974063288347,8.13197,1.11207
1782383730.3490546,61544.415,0.7593945432299899,8.13186,1.11207
1782383730.4149783,61544.415,0.759449740578387,8.13186,1.11178
1782383730.4151492,61544.415,0.8613806087588485,8.13186,0.60559
1782383730.4161644,61544.415,0.7587837969361337,8.13186,1.11528
1782383730.4162822,61544.415,0.7588695876840319,8.13515,1.11528
1782383730.4277833,61544.415,0.7593638443787805,8.15415,1.11528
1782383730.428347,61544.415,0.7599594508648437,8.17715,1.11528
1782383730.436914,61544.415,0.7604492543035817,8.19615,1.11528
1782383730.6280174,61544.415,0.5530879754421038,8.19615,2.3585
1782383730.628182,61544.415,0.5530747323003694,8.19615,2.35859
1782383730.6283455,61544.415,0.5523855884476809,8.1799,2.35859
1782383730.6285706,61544.415,0.5523736953429473,8.17962,2.35859
1782383730.6570098,61544.415,0.5523869532706024,8.17962,2.3585
1782383730.6572218,61544.415,0.5524002114247161,8.17962,2.35841
1782383730.6574237,61544.415,0.5523869532706024,8.17962,2.3585
1782383730.657783,61544.415,0.5523736953429473,8.17962,2.35859
1782383730.690066,61544.415,0.5524161678152347,8.18062,2.35859
1782383730.6917062,61544.415,0.5523911273718187,8.18062,2.35876
1782383730.6918273,61544.415,0.5523949496511684,8.18071,2.35876
1782383730.7070022,61544.415,0.5524082061753158,8.18071,2.35867
1782383730.9346323,61544.415,0.55159984715381,8.16171,2.35867
1782383730.9348145,61544.415,0.5507885630269546,8.14271,2.35867
1782383730.934921,61544.415,0.5498025458133795,8.11971,2.35867
1782383730.935067,61544.415,0.5489847390571907,8.10071,2.35867
1782383730.9792411,61544.415,0.5498025458133795,8.11971,2.35867
1782383730.9864924,61544.415,0.5506173921492792,8.13871,2.35867
1782383730.9869535,61544.415,0.5514292941107111,8.15771,2.35867
1782383730.9925644,61544.415,0.5524082061753158,8.18071,2.35867
1782383731.1400232,61544.415,0.5350257949924005,7.78671,2.35867
1782383731.140348,61544.415,0.5350299197572908,7.7868,2.35867
1782383731.1405282,61544.415,0.5349107303948488,7.7842,2.35867
1782383731.140671,61544.415,0.5349703327132728,7.7855,2.35867
1782383731.1407702,61544.415,0.5350299197572908,7.7868,2.35867
1782383731.5495503,61544.415,0.5350041988479781,7.7868,2.35884
1782383731.5755007,61544.415,0.31584397052041735,4.53678,2.35884
1782383731.5756288,61544.415,0.30116002269384207,4.39189,2.35884
1782383731.575731,61544.415,0.30082341852069217,4.38864,2.35884
1782383731.576103,61544.415,0.1794382997671033,3.39049,2.35884
1782383731.5762887,61544.415,0.19240487260426872,3.4828,2.35884
1782383731.6927652,61544.415,0.19204526771524089,3.4802,2.35884
1782383731.693039,61544.415,0.48093020799408503,6.72988,2.35884
1782383731.6948204,61544.415,0.4809250679145262,6.72979,2.35884
1782383731.958904,61544.415,0.481174412078661,6.72979,2.35731
1782383731.959088,61544.415,0.4811597424506366,6.72979,2.3574
1782383731.9591918,61544.415,0.4811450731131869,6.72979,2.35749
1782383731.959292,61544.415,0.4811304040663031,6.72979,2.35758
1782383731.9593875,61544.415,0.4811157353099767,6.72979,2.35767
1782383731.9595168,61544.415,0.48108313911391937,6.72979,2.35787
1782383731.9596212,61544.415,0.4810684712937747,6.72979,2.35796
1782383731.9597447,61544.415,0.48107361045088814,6.72988,2.35796
1782383732.1634483,61544.415,0.48105894301562613,6.72988,2.35805
1782383732.1638536,61544.415,0.4810947972591555,6.72988,2.35783
1782383732.1640303,61544.415,0.4808340787144459,6.72988,2.35943
1782383732.1641605,61544.415,0.48082722442813924,6.72976,2.35943
1782383732.1739717,61544.415,0.4808329363459633,6.72986,2.35943
1782383732.2067297,61544.415,0.48059349924601813,6.72567,2.35943
1782383732.4953468,61544.415,0.5044558774186334,6.72567,2.21533
1782383732.4954994,61544.415,0.5954033240386133,6.72567,1.70564
1782383732.495831,61544.765,0.9999732372252355,6.72567,9e-05
1782383732.4959471,61544.765,0.9999736740496331,6.83727,9e-05
1782383732.4960456,61544.765,0.9999741191897581,6.95487,9e-05
1782383732.4961438,61545.115000000005,0.999838784795615,1.11643,9e-05
1782383732.4962378,61546.2,0.999838784795615,1.11643,9e-05
1782383732.49633,61546.64,0.9986835368975352,0.13664,9e-05
1782383732.4964197,61546.64,0.999341551743059,0.27328,9e-05
1782383732.49651,61546.64,0.999809829691924,0.94643,9e-05
1782383732.496599,61546.99,0.9991973046334532,0.94643,0.00038
1782383732.496692,61547.985,0.9993195025205268,1.11645,0.00038
1782383732.4973555,61548.565,0.9996776013540742,1.11645,0.00018
1782383732.4974692,61548.57,0.9973688057301562,0.13664,0.00018
1782383732.4977422,61548.57,0.9986835368975352,0.27328,0.00018
1782383732.4978004,61549.025,0.9967724583109199,0.11136,0.00018
1782383732.4978592,61549.025,0.9983987189751801,0.22464,0.00018
1782383732.4979286,61549.025,0.9990092197605613,0.36317,0.00018
1782383732.4980247,61549.025,0.9992826970590581,0.5017,0.00018
1782383732.4981174,61549.025,0.9996936300582953,1.17487,0.00018
1782383732.4982092,61549.445,0.9996936300582953,1.17487,0.00018
1782383732.4983037,61549.985,0.9996776071284644,1.11647,0.00018
1782383732.4985807,61550.34,0.9529119548010739,1.11647,0.02692
1782383732.4986813,61550.345,0.6722868099093067,0.13737,0.02692
1782383732.4987926,61550.345,0.821520917589339,0.27474,0.02692
1782383732.4989066,61550.35,0.6332425068119891,0.11988,0.02692
1782383732.4990022,61550.35,0.7971975290040682,0.23856,0.02692
1782383732.4990935,61550.35,0.8663522402879483,0.37593,0.02692
1782383732.4991848,61550.35,0.9003368997815706,0.5133,0.02692
1782383732.499274,61550.619999999995,0.6020106445890006,0.10836,0.02692
1782383732.499447,61550.619999999995,0.7845365775572275,0.22296,0.02692
1782383732.4995453,61550.634999999995,0.6020106445890006,0.10836,0.02692
1782383732.4996388,61550.634999999995,0.7790182236086028,0.21672,0.02692
1782383732.4997294,61550.69,0.6332425068119891,0.11988,0.02692
1782383732.4998176,61550.69,0.7942210671151201,0.23472,0.02692
1782383732.499906,61550.695,0.6332425068119891,0.11988,0.02692
1782383732.5000072,61550.695,0.7974721637074933,0.23892,0.02692
1782383732.5000842,61550.695,0.942661796185263,0.91207,0.02692
1782383732.5001743,61551.345,0.9758454106280193,0.91207,0.01115
1782383732.500259,61551.494999999995,0.9674119538214234,0.67315,0.01115
1782383732.5003378,61551.7,0.8498467964660135,0.67315,0.05464
1782383732.500433,61552.405,0.8498509226309063,0.67317,0.05464
1782383732.500505,61552.630000000005,0.6326198993512399,0.67317,0.15148
1782383732.5005918,61552.854999999996,0.4506419090447524,0.4,0.15148
1782383732.5006838,61552.854999999996,0.7526109927080016,1.07315,0.15148
1782383732.500774,61552.854999999996,0.7524822000130642,1.07315,0.15157
1782383732.5008783,61553.315,0.9272142805832915,1.07315,0.04053
1782383732.5009694,61553.774999999994,0.8864196838919405,0.67315,0.04053
1782383732.5010595,61553.774999999994,0.8861818232764056,0.67315,0.04062
1782383732.501149,61553.774999999994,0.8936328999567933,0.72315,0.04062
1782383732.501237,61553.774999999994,0.8989263097652314,0.76315,0.04062
1782383732.5013287,61553.774999999994,0.8987137063667803,0.76315,0.04071
1782383732.5014224,61553.774999999994,0.8985011505690653,0.76315,0.0408
1782383732.5016909,61553.774999999994,0.9033118075715387,0.80315,0.0408
1782383732.5018077,61553.774999999994,0.9031088574001233,0.80315,0.04089
1782383732.5019033,61553.774999999994,0.9074928736256278,0.84315,0.04089
1782383732.501996,61553.774999999994,0.9124448631750247,0.89315,0.04089
1782383732.5020885,61553.774999999994,0.9160404090181101,0.93315,0.04089
1782383732.5021925,61553.774999999994,0.9193522937951165,0.97315,0.04089
1782383732.502291,61553.774999999994,0.919181958920454,0.97315,0.04098
1782383732.502395,61553.774999999994,0.9190116542761926,0.97315,0.04107
1782383732.5024643,61553.774999999994,0.919181958920454,0.97315,0.04098
1782383732.5025141,61553.774999999994,0.9222486790054357,1.01315,0.04098
1782383732.502555,61553.774999999994,0.9250911683255189,1.05315,0.04098
1782383732.5026484,61553.774999999994,0.9277331522841297,1.09315,0.04098
1782383732.502741,61553.774999999994,0.9982086223757689,1.09315,0.00098
1782383732.5028331,61553.774999999994,0.9983730028152534,1.09315,0.00089
1782383732.5032384,61553.774999999994,0.9984441103457921,1.14315,0.00089
1782383732.5034308,61553.774999999994,0.9986013374710435,1.14315,0.0008
1782383732.5035396,61553.774999999994,0.9984441103457921,1.14315,0.00089
1782383732.5036378,61553.774999999994,0.9984966724097158,1.18315,0.00089
1782383732.503732,61553.774999999994,0.9985457991568902,1.22315,0.00089
1782383732.5038314,61553.774999999994,0.9984838676706074,1.17315,0.00089
1782383732.503946,61553.774999999994,0.7732683369232515,1.17315,0.15
1782383732.5040848,61553.774999999994,0.7731477283032555,1.17315,0.15009
1782383732.5041797,61553.774999999994,0.7732683369232515,1.17315,0.15
1782383732.5043027,61553.774999999994,0.2462156219127441,1.17315,0.70959
1782383732.5043986,61553.774999999994,0.26571603009199374,1.22315,0.70959
1782383732.5044909,61553.774999999994,0.2501981254688969,1.18315,0.70959
1782383732.5045815,61553.774999999994,0.16175055478093517,1.18315,0.85369
1782383732.5046718,61553.774999999994,0.1617875921116583,1.18324,0.85369
1782383732.504783,61553.774999999994,0.1617362617941896,1.18324,0.85378
1782383732.5048804,61553.774999999994,0.16168493601229195,1.18324,0.85387
1782383732.5051386,61553.774999999994,0.1616336147653642,1.18324,0.85396
1782383732.5053346,61553.774999999994,0.18171713300114978,1.23324,0.85396
1782383732.5055308,61553.774999999994,0.16572880031262213,1.19324,0.85396
1782383732.5057156,61553.774999999994,0.14910322837783976,1.15324,0.85396
1782383732.5059054,61553.774999999994,0.13180154534363558,1.11324,0.85396
1782383732.5060928,61553.774999999994,0.13036503020764584,1.11324,0.85646
1782383732.50624,61553.774999999994,0.10771474709590038,1.06324,0.85646
1782383732.5063365,61553.774999999994,0.11720171311065639,1.08387,0.85646
1782383732.5064464,61553.774999999994,0.11724265880582556,1.08396,0.85646
1782383732.5065417,61553.774999999994,0.11719084158288284,1.08396,0.85655
1782383732.5066378,61553.774999999994,0.13936629306057244,1.13396,0.85655
1782383732.5067317,61553.774999999994,0.11719084158288284,1.08396,0.85655
1782383732.5068579,61553.774999999994,0.2552127715075735,1.44357,0.85655
1782383732.5069535,61553.774999999994,0.255163658970268,1.44357,0.85664
1782383732.5070448,61553.774999999994,0.2552127715075735,1.44357,0.85655
1782383732.5071387,61553.774999999994,0.6913222098093624,4.69325,0.85655
1782383732.5072322,61553.774999999994,0.6859755002335021,4.69325,0.87415
1782383732.507325,61553.774999999994,0.6860027553701877,4.69325,0.87406
1782383732.5074193,61553.774999999994,0.6882426689446455,4.73325,0.87406
1782383732.507578,61553.774999999994,0.6935583420248993,4.73325,0.85646
1782383732.507672,61553.774999999994,0.6935632759669397,4.73334,0.85646
1782383732.5077667,61553.774999999994,0.6935742397137745,4.73354,0.85646
1782383732.5078588,61553.774999999994,0.6935791731439028,4.73363,0.85646
1782383732.50795,61553.774999999994,0.6936064400715564,4.73363,0.85637
1782383732.5080397,61553.774999999994,0.7016064823767786,4.8835,0.85637
1782383732.5081346,61553.774999999994,0.7016153197538693,4.88367,0.85637
1782383732.508223,61553.774999999994,0.7015649253250317,4.88367,0.85654
1782383732.5083125,61553.774999999994,0.7036301449255304,4.92367,0.85654
1782383732.5084383,61553.774999999994,0.7036036191893155,4.92367,0.85663
1782383732.5085318,61553.774999999994,0.7025727030671878,4.92367,0.86013
1782383732.5086226,61553.774999999994,0.6999790714709269,4.87367,0.86013
1782383732.5087132,61553.774999999994,0.6973398078750133,4.82367,0.86013
1782383732.5088155,61553.774999999994,0.6946536973268487,4.77367,0.86013
1782383732.5089078,61553.774999999994,0.6946266256529681,4.77367,0.86022
1782383732.508998,61553.774999999994,0.6945995548440002,4.77367,0.86031
1782383732.5090878,61553.774999999994,0.6945724848999035,4.77367,0.8604
1782383732.5091782,61553.774999999994,0.722167506773055,5.33326,0.8604
1782383732.5092688,61553.774999999994,0.7221925319323104,5.33326,0.86031
1782383732.5093935,61553.774999999994,0.722167506773055,5.33326,0.8604
1782383732.509488,61553.774999999994,0.7221424823410698,5.33326,0.86049
1782383732.5095782,61553.774999999994,0.7221465197680277,5.33335,0.86049
1782383732.5096679,61553.774999999994,0.7221599770105294,5.33365,0.86049
1782383732.5097585,61553.774999999994,0.7231336340023004,5.33365,0.85699
1782383732.5098813,61553.774999999994,0.7238297776068414,5.33365,0.85449
1782383732.510203,61553.774999999994,0.7237740654198057,5.33365,0.85469
1782383732.5103016,61553.774999999994,0.7237780826477799,5.33374,0.85469
1782383732.5104172,61553.774999999994,0.6963175361175661,4.77415,0.85469
1782383732.510502,61553.774999999994,0.6962904139863171,4.77415,0.85478
1782383732.5105903,61553.774999999994,0.6967284364544639,4.78228,0.85478
1782383732.5108256,61553.774999999994,0.6945610731348244,4.74228,0.85478
1782383732.5109556,61553.774999999994,0.6945692586127732,4.74243,0.85478
1782383732.5110652,61553.774999999994,0.6923708119721947,4.70243,0.85478
1782383732.5111618,61553.774999999994,0.6923434041710903,4.70243,0.85487
1782383732.511258,61553.774999999994,0.690112917550251,4.66243,0.85487
1782383732.5113673,61553.774999999994,0.6900853483259294,4.66243,0.85496
1782383732.5114424,61553.774999999994,0.6903641452520448,4.66243,0.85405
1782383732.5115235,61553.774999999994,0.6903365678310979,4.66243,0.85414
1782383732.5115929,61553.774999999994,0.6903641452520448,4.66243,0.85405
1782383732.5116644,61553.774999999994,0.6903691968016358,4.66252,0.85405
1782383732.5117838,61553.774999999994,0.6903742481864027,4.66261,0.85405
1782383732.511861,61553.774999999994,0.7017846480461752,4.87369,0.85405
1782383732.5119412,61553.774999999994,0.7017579083178097,4.87369,0.85414
1782383732.5120523,61553.774999999994,0.7282889462901933,5.43298,0.85414
1782383732.512162,61553.774999999994,0.7283136870668663,5.43298,0.85405
1782383732.5122335,61553.774999999994,0.7283097977712528,5.43289,0.85405
1782383732.5123315,61553.774999999994,0.728285056696087,5.43289,0.85414
1782383732.5124247,61553.774999999994,0.7283097977712528,5.43289,0.85405
1782383732.5124972,61553.774999999994,0.7283136870668663,5.43298,0.85405
1782383732.5126646,61553.774999999994,0.7282889462901933,5.43298,0.85414
1782383732.5128248,61553.774999999994,0.7282642062218376,5.43298,0.85423
1782383732.5129328,61553.774999999994,0.7282603163292573,5.43289,0.85423
1782383732.5131323,61553.774999999994,0.7282355766707332,5.43289,0.85432
1782383732.5132315,61553.774999999994,0.7282108377204842,5.43289,0.85441
1782383732.5134313,61553.774999999994,0.72818609947848,5.43289,0.8545
1782383732.5134919,61553.774999999994,0.7281951778102933,5.4331,0.8545
1782383732.5135765,61553.774999999994,0.7281704409727578,5.4331,0.85459
1782383732.5136533,61553.774999999994,0.7281743317991406,5.43319,0.85459
1782383732.51375,61553.774999999994,0.72814959596811,5.43319,0.85468
1782383732.5138662,61553.774999999994,0.7281743317991406,5.43319,0.85459
1782383732.51429,61553.774999999994,0.7281990683382928,5.43319,0.8545
1782383732.5143452,61553.774999999994,0.7281951778102933,5.4331,0.8545
1782383732.5144396,61553.774999999994,0.7700651748611714,5.4331,0.70577
1782383732.5145404,61553.774999999994,0.7700392248849967,5.4331,0.70586
1782383732.5150099,61553.774999999994,0.7700500875514109,5.43339,0.70586
1782383732.515125,61553.774999999994,0.7700241394026069,5.43339,0.70595
1782383732.5152261,61553.774999999994,0.7701458179692932,5.43664,0.70595
1782383732.5153248,61553.774999999994,0.7701491856974482,5.43673,0.70595
1782383732.5170338,61553.774999999994,0.511959903214656,2.18705,0.70595
1782383732.517904,61553.774999999994,0.5120069411077428,2.18705,0.70586
1782383732.5191169,61553.774999999994,0.5119580172991959,2.18676,0.70586
1782383732.5192354,61553.774999999994,0.3949762785375407,1.62747,0.70586
1782383732.5241797,61553.774999999994,0.4172923485877268,1.71683,0.70586
1782383732.5243483,61553.774999999994,0.41712271665469797,1.71683,0.70615
1782383732.5260508,61553.774999999994,0.4163398395688775,1.71358,0.70615
1782383732.5285566,61553.774999999994,0.41617011429657613,1.71358,0.70644
1782383732.529309,61553.774999999994,0.41614840098680544,1.71349,0.70644
1782383732.5301497,61553.774999999994,0.19115171916326046,1.04034,0.70644
1782383732.530272,61553.774999999994,0.1911933916089921,1.04043,0.70644
1782383732.5310621,61553.774999999994,0.19125476591213544,1.04043,0.70635
1782383732.5311775,61553.774999999994,0.1913161465400271,1.04043,0.70626
1782383732.5312762,61553.774999999994,0.1913578126610105,1.04052,0.70626
1782383732.5313766,61553.774999999994,0.1912964330488244,1.04052,0.70635
1782383732.5320532,61553.774999999994,0.27889253574400097,1.25272,0.70635
1782383732.5333092,61553.774999999994,0.2758875208873671,1.24459,0.70635
1782383732.5334272,61553.774999999994,0.2758286648590745,1.24459,0.70644
1782383732.5362282,61553.774999999994,0.27563905458868876,1.24459,0.70673
1782383732.536444,61553.774999999994,0.27684350010488246,1.24784,0.70673
1782383732.5365958,61553.774999999994,0.43802382353408936,1.80843,0.70673
1782383732.5391924,61553.774999999994,0.4378580373293049,1.80843,0.70702
1782383732.539977,61553.774999999994,0.43796305128938917,1.8089,0.70702
1782383732.540084,61553.774999999994,0.4380278275660617,1.80919,0.70702
1782383732.541227,61553.774999999994,0.43775355725178705,1.80919,0.7075
1782383732.5420983,61553.774999999994,0.27662184959869124,1.2486,0.7075
1782383732.542198,61553.774999999994,0.2765145898630235,1.24831,0.7075
1782383732.5430815,61553.774999999994,0.18846531047654008,1.03611,0.7075
1782383732.54611,61553.774999999994,0.18952975542700037,1.0384,0.7075
1782383732.5470026,61553.774999999994,0.18933220325394143,1.0384,0.70779
1782383732.5480893,61553.774999999994,0.27901232052725133,1.2556,0.70779
1782383732.5511122,61553.774999999994,0.2790709519686243,1.2556,0.7077
1782383732.5562034,61553.774999999994,0.27901232052725133,1.2556,0.70779
1782383732.556244,61553.774999999994,0.2789792695971069,1.25551,0.70779
1782383732.557141,61553.774999999994,0.27892064235836994,1.25551,0.70788
1782383732.5572507,61553.774999999994,0.2792333830893927,1.25551,0.7074
1782383732.5582125,61553.774999999994,0.26424013604380864,1.21551,0.7074
1782383732.5583122,61553.774999999994,0.24860986451821915,1.17551,0.7074
1782383732.558407,61553.774999999994,0.23230108903853144,1.13551,0.7074
1782383732.558503,61553.774999999994,0.21526864901742182,1.09551,0.7074
1782383732.5585966,61553.774999999994,0.1974632851365072,1.05551,0.7074
1782383732.5586908,61553.774999999994,0.1975042541123086,1.0556,0.7074
1782383732.5592325,61553.774999999994,0.19738879404708567,1.0556,0.70757
1782383732.559329,61553.774999999994,0.19760723499560565,1.05608,0.70757
1782383732.5594258,61553.774999999994,0.19792103562805352,1.05677,0.70757
1782383732.5603917,61553.774999999994,0.1977241688059253,1.05677,0.70786
1782383732.5631716,61553.774999999994,0.19752736667950957,1.05677,0.70815
1782383732.5692177,61553.774999999994,0.19733062921692038,1.05677,0.70844
1782383732.5826063,61553.774999999994,0.19585007605166976,1.05352,0.70844
1782383732.5827398,61553.774999999994,0.08278308604572879,0.83632,0.70844
1782383732.5863678,61553.774999999994,0.0830680023815071,0.8368,0.70844
1782383732.586616,61553.774999999994,-0.1525389398634826,0.8368,1.13804
1782383732.5872169,61553.774999999994,-0.15266336899343338,0.8368,1.13833
1782383732.5883386,61553.774999999994,-0.15270197750124037,0.8368,1.13842
1782383732.5921628,61553.774999999994,-0.17011707418665423,0.8368,1.17987
1782383732.5961506,61553.774999999994,-0.4240522370946133,0.47719,1.17987
1782383732.6138613,61553.774999999994,-0.4240209539098475,0.47719,1.17978
1782383732.6139848,61553.774999999994,-0.4239896673265414,0.47719,1.17969
1782383732.6141462,61553.774999999994,-0.4239583773441414,0.47719,1.1796
1782383732.6142848,61553.774999999994,-0.5046787662381473,0.47719,1.4496
1782383732.6144114,61553.774999999994,-0.5047019015195549,0.47719,1.44969
1782383732.6284406,61553.774999999994,-0.4239896673265414,0.47719,1.17969
1782383732.6316655,61553.774999999994,-0.42406702116743816,0.4771,1.17969
1782383732.631883,61553.774999999994,-0.4240983052484187,0.4771,1.17978
1782383732.636508,61553.774999999994,-0.4271408673934969,0.4771,1.18858
1782383732.6492352,61553.774999999994,-0.417701891135934,0.48819,1.18858
1782383732.6583354,61553.774999999994,-0.4175581714312974,0.48836,1.18858
1782383732.6741407,61553.774999999994,-0.4039534842516197,0.50461,1.18858
1782383732.690151,61553.774999999994,-0.34043824925849486,0.58484,1.18858
1782383732.6913302,61553.774999999994,-0.3528343871110934,0.56859,1.18858
1782383732.7313373,61553.774999999994,-0.35286753240840846,0.56859,1.18867
1782383732.744792,61553.774999999994,-0.15558558470975956,0.86859,1.18867
1782383732.7562923,61553.774999999994,-0.15562252412083508,0.86859,1.18876
1782383732.7581434,61553.774999999994,-0.35290067431075195,0.56859,1.18876
1782383732.7591376,61553.774999999994,-0.29083258680131396,0.65309,1.18876
1782383732.8123436,61553.774999999994,-0.29039121184490474,0.65372,1.18876
1782383732.8227048,61553.774999999994,-0.2902511559250657,0.65392,1.18876
1782383732.8311963,61553.774999999994,-0.2902164887468183,0.65392,1.18867
1782383732.8324025,61553.774999999994,-0.2902511559250657,0.65392,1.18876
1782383732.8441477,61553.774999999994,-0.35226199820268683,0.56942,1.18876
1782383732.8555737,61553.774999999994,-0.35222883925168785,0.56942,1.18867
1782383732.8561199,61553.774999999994,-0.35226199820268683,0.56942,1.18876
1782383732.8805308,61553.774999999994,-0.35222883925168785,0.56942,1.18867
1782383733.0854542,61553.774999999994,-0.6191616365977226,0.56942,2.42093
1782383733.0856354,61553.774999999994,-0.6709810130239331,0.56942,2.8919
1782383733.0856724,61553.774999999994,-0.6709971717381821,0.56942,2.89207
1782383733.0857058,61553.774999999994,-0.6709886173224707,0.56942,2.89198
1782383733.0857396,61553.774999999994,-0.6709800624619002,0.56942,2.89189
1782383733.0857716,61553.774999999994,-0.6709366152423873,0.56951,2.89189
1782383733.085803,61553.774999999994,-0.6709280590296737,0.56951,2.8918
1782383733.0858386,61553.774999999994,-0.6709366152423873,0.56951,2.89189
1782383733.08587,61553.774999999994,-0.6709280590296737,0.56951,2.8918
1782383733.085902,61553.774999999994,-0.6709195023719959,0.56951,2.89171
1782383733.0859494,61553.774999999994,-0.6709109452693197,0.56951,2.89162
1782383733.0859811,61553.774999999994,-0.6709023877216098,0.56951,2.89153
1782383733.0860074,61553.774999999994,-0.6708938297288318,0.56951,2.89144
1782383733.0860329,61553.774999999994,-0.6708852712909508,0.56951,2.89135
1782383733.086058,61553.774999999994,-0.6708938297288318,0.56951,2.89144
1782383733.0861466,61553.774999999994,-0.6708852712909508,0.56951,2.89135
1782383733.087655,61553.774999999994,-0.8338856735114566,0.2619,2.89135
1782383733.0894618,61553.774999999994,-0.7968070297546545,0.32697,2.89135
1782383733.089581,61553.774999999994,-0.7962499065280788,0.32697,2.88255
1782383733.0896783,61553.774999999994,-0.7962391138392511,0.32697,2.88238
1782383733.0897722,61553.774999999994,-0.7962333995999079,0.32697,2.88229
1782383733.0898652,61553.774999999994,-0.7961214659163846,0.32717,2.88229
1782383733.0899563,61553.774999999994,-0.7961157485737075,0.32717,2.8822
1782383733.0900526,61553.774999999994,-0.7960206135458664,0.32734,2.8822
1782383733.090199,61553.774999999994,-0.7985314844562615,0.32734,2.9222
1782383733.0902946,61553.774999999994,-0.7985812983735711,0.32725,2.9222
1782383733.090386,61553.774999999994,-0.7985918353530568,0.32725,2.92237
1782383733.0904772,61553.774999999994,-0.7985420237498115,0.32734,2.92237
1782383733.090603,61553.774999999994,-0.7984590105419925,0.32749,2.92237
1782383733.0911326,61553.774999999994,-0.7983096060772953,0.32776,2.92237
1782383733.09125,61553.774999999994,-0.7982598101051622,0.32785,2.92237
1782383733.1062849,61553.774999999994,-0.7982100168906966,0.32794,2.92237
1782383733.1492953,61553.774999999994,-0.7981578534345601,0.32794,2.92153
1782383733.1563556,61553.774999999994,-0.7982076580763099,0.32785,2.92153
1782383733.157046,61553.774999999994,-0.7981578534345601,0.32794,2.92153
1782383733.2117126,61553.774999999994,-0.7974722631366047,0.32794,2.91053
1782383733.2325523,61553.774999999994,-0.7993207477893707,0.32794,2.94036
1782383733.233564,61553.774999999994,-0.7993103089534382,0.32794,2.94019
1782383733.2604787,61553.774999999994,-0.7204154476301932,0.47781,2.94019
1782383733.2609384,61553.774999999994,-0.7204607494053382,0.47772,2.94019
1782383733.2621236,61553.774999999994,-0.7204746524364555,0.47772,2.94036
1782383733.262243,61553.774999999994,-0.7204293525482934,0.47781,2.94036
1782383733.2623699,61553.774999999994,-0.7203840550455495,0.4779,2.94036
1782383733.2775865,61553.774999999994,-0.7321861459747803,0.45461,2.94036
1782383733.6167486,61553.774999999994,-0.7321932454801976,0.45461,2.94045
1782383733.6169825,61553.774999999994,-0.7321861459747803,0.45461,2.94036
1782383733.683413,61553.774999999994,-0.7317966749654871,0.45461,2.93543
1782383734.4170678,61553.774999999994,-0.7444346720230101,0.43005,2.93543
1782383734.4173155,61553.774999999994,-0.7552772869666163,0.43005,3.08454
1782383734.4181442,61553.774999999994,-0.7552835535525283,0.43005,3.08463
1782383734.4182658,61553.774999999994,-0.7552717163985876,0.43005,3.08446
1782383734.4587865,61553.774999999994,-0.7553716092205867,0.42985,3.08446
1782383734.6217167,61553.774999999994,-0.755365344230014,0.42985,3.08437
1782383734.6218507,61553.774999999994,-0.7553716092205867,0.42985,3.08446
1782383734.622015,61553.774999999994,-0.7554050170849467,0.42985,3.08494
1782383734.622144,61553.774999999994,-0.7554168468488972,0.42985,3.08511
1782383734.6222723,61553.774999999994,-0.717265276018981,0.50794,3.08511
1782383734.622406,61553.774999999994,-0.717272357881964,0.50794,3.0852
1782383734.622504,61553.774999999994,-0.7173153727334716,0.50785,3.0852
1782383734.6226301,61553.774999999994,-0.7173082917705736,0.50785,3.08511
1782383734.622757,61553.774999999994,-0.7174341226742634,0.50785,3.08671
1782383734.6228802,61553.774999999994,-0.717391122918782,0.50794,3.08671
1782383734.6894042,61553.774999999994,-0.7173146842253139,0.5081,3.08671
1782383734.7764614,61553.774999999994,-0.717252547286882,0.5081,3.08592
1782383735.23593,61553.774999999994,-0.7172047677873861,0.5082,3.08592
1782383735.2406113,61553.774999999994,-0.7173306041627268,0.5082,3.08752
1782383735.4965959,61553.774999999994,-0.7172876208698457,0.50829,3.08752
1782383735.4967153,61553.774999999994,-0.7172446397285797,0.50838,3.08752
1782383735.4968143,61553.774999999994,-0.7172016607387673,0.50847,3.08752
1782383735.4969184,61553.774999999994,-0.7171586839002468,0.50856,3.08752
1782383735.4969966,61553.774999999994,-0.717115709212857,0.50865,3.08752
1782383735.497079,61553.774999999994,-0.7170727366764361,0.50874,3.08752
1782383735.4971752,61553.774999999994,-0.7170297662908226,0.50883,3.08752
1782383735.497342,61553.774999999994,-0.7169867980558551,0.50892,3.08752
1782383735.4974508,61553.774999999994,-0.7169438319713725,0.50901,3.08752
1782383735.4975286,61553.774999999994,-0.7169008680372126,0.5091,3.08752
1782383735.497627,61553.774999999994,-0.7168579062532149,0.50919,3.08752
1782383735.4977224,61553.774999999994,-0.7168149466192171,0.50928,3.08752
1782383735.4981499,61553.774999999994,-0.7167719891350584,0.50937,3.08752
1782383735.5105567,61553.774999999994,-0.711917362749474,0.51957,3.08752
1782383735.5118728,61553.774999999994,-0.7119600776268367,0.51948,3.08752
1782383735.530504,61553.774999999994,-0.6621284796804427,0.62762,3.08752
1782383735.5323145,61553.774999999994,-0.662088215265273,0.62771,3.08752
1782383735.5324326,61553.774999999994,-0.6620479528008354,0.6278,3.08752
1782383735.581176,61553.774999999994,-0.6620397660440941,0.6278,3.08743
1782383735.6529217,61553.774999999994,-0.6623664019383496,0.62707,3.08743
1782383735.714433,61553.774999999994,-0.6624572735836362,0.62707,3.08843
1782383736.0106428,61553.774999999994,-0.6584311535446177,0.63609,3.08843
1782383736.0113227,61553.774999999994,-0.6584712291545283,0.636,3.08843
1782383736.0994143,61553.774999999994,-0.6584272076692759,0.636,3.08795
1782383736.1208699,61553.774999999994,-0.6584703121559866,0.636,3.08842
1782383736.1229749,61553.774999999994,-0.658430236460635,0.63609,3.08842
1782383736.464687,61553.774999999994,-0.6584045561095849,0.63609,3.08814
1782383736.4780962,61553.774999999994,-0.6430701722391652,0.63609,2.92814
1782383736.4791172,61553.774999999994,-0.46633181682745634,1.06569,2.92814
1782383736.4800594,61553.774999999994,-0.46629877413668774,1.06578,2.92814
1782383736.4811697,61553.774999999994,-0.46633181682745634,1.06569,2.92814
1782383736.481327,61553.774999999994,-0.466343842640814,1.06569,2.92823
1782383736.4814262,61553.774999999994,-0.46635586791219846,1.06569,2.92832
1782383736.4815218,61553.774999999994,-0.4663678926416464,1.06569,2.92841
1782383736.4816146,61553.774999999994,-0.4663799168291944,1.06569,2.9285
1782383736.481705,61553.774999999994,-0.46639194047487903,1.06569,2.92859
1782383736.4818182,61553.774999999994,-0.46640396357873704,1.06569,2.92868
1782383736.481972,61553.774999999994,-0.46641598614080504,1.06569,2.92877
1782383736.4820013,61553.774999999994,-0.4663829467649673,1.06578,2.92877
1782383736.482028,61553.774999999994,-0.4663949692588068,1.06578,2.92886
1782383736.484209,61553.774999999994,-0.6431007786728901,0.63618,2.92886
1782383736.4863396,61553.774999999994,-0.643091768468001,0.63618,2.92877
1782383736.486495,61553.774999999994,-0.6430827578081608,0.63618,2.92868
1782383736.4865952,61553.774999999994,-0.6430737466933351,0.63618,2.92859
1782383736.4866896,61553.774999999994,-0.6430647351234894,0.63618,2.9285
1782383736.4867845,61553.774999999994,-0.6430557230985892,0.63618,2.92841
1782383736.4868836,61553.774999999994,-0.6430467106186001,0.63618,2.92832
1782383736.4872282,61553.774999999994,-0.6430376976834876,0.63618,2.92823
1782383736.4872966,61553.774999999994,-0.6430286842932172,0.63618,2.92814
1782383736.491586,61553.774999999994,-0.6431288075123691,0.63618,2.92914
1782383736.575244,61553.774999999994,-0.6435160247778078,0.63534,2.92914
1782383736.7347252,61553.774999999994,-0.4667407763489965,1.06494,2.92914
1782383736.7351792,61553.774999999994,-0.4667738276760832,1.06485,2.92914
1782383736.7353032,61553.774999999994,-0.46678584304771054,1.06485,2.92923
1782383736.7360947,61553.774999999994,-0.46679785787785694,1.06485,2.92932
1782383736.7361493,61553.774999999994,-0.466809872166559,1.06485,2.92941
1782383736.7362013,61553.774999999994,-0.4668218859138533,1.06485,2.9295
1782383736.7362514,61553.774999999994,-0.4668338991197765,1.06485,2.92959
1782383736.7363033,61553.774999999994,-0.6436025179250682,0.63525,2.92959
1782383736.7363572,61553.774999999994,-0.6436115155136285,0.63525,2.92968
1782383736.7364078,61553.774999999994,-0.6436205126478953,0.63525,2.92977
1782383736.7369719,61553.774999999994,-0.6436295093279029,0.63525,2.92986
1782383736.73702,61553.774999999994,-0.6436205126478953,0.63525,2.92977
1782383736.7370653,61553.774999999994,-0.6436115155136285,0.63525,2.92968
1782383736.7371116,61553.774999999994,-0.6435700220475622,0.63534,2.92968
1782383736.7371619,61553.774999999994,-0.6435610236386127,0.63534,2.92959
1782383736.7379205,61553.774999999994,-0.6435520247753054,0.63534,2.9295
1782383736.7379875,61553.774999999994,-0.6435430254576056,0.63534,2.92941
1782383736.738028,61553.774999999994,-0.6435340256854792,0.63534,2.92932
1782383736.7381148,61553.774999999994,-0.6435250254588913,0.63534,2.92923
1782383736.7382114,61553.774999999994,-0.6435160247778078,0.63534,2.92914
1782383736.7713642,61553.774999999994,-0.6437788833051339,0.63477,2.92914
1782383737.2839344,61553.774999999994,-0.6438788075996308,0.63477,2.93014
1782383737.3722281,61553.774999999994,-0.6953051548121513,0.52663,2.93014
1782383737.4330413,61553.774999999994,-0.6412591721279337,0.64046,2.93014
1782383737.4342067,61553.774999999994,-0.641300542499531,0.64037,2.93014
1782383737.4415476,61553.774999999994,-0.6409145001190026,0.64121,2.93014
1782383737.4447646,61553.774999999994,-0.6408731492059226,0.6413,2.93014
1782383737.5455825,61553.774999999994,-0.6407725658462263,0.6413,2.92914
1782383737.5574088,61553.774999999994,-0.6407816206557571,0.6413,2.92923
1782383737.6341097,61553.774999999994,-0.6408821989455499,0.6413,2.93023
1782383737.718699,61553.774999999994,-0.6408349341652058,0.6413,2.92976
1782383737.7974234,61553.774999999994,-0.6408832044440215,0.6413,2.93024
1782383737.9201827,61553.774999999994,-0.6408349341652058,0.6413,2.92976
1782383738.221352,61553.774999999994,-0.6408821989455499,0.6413,2.93023
1782383738.2215333,61553.774999999994,-0.69490123492495,0.52747,2.93023
1782383738.418882,61553.774999999994,-0.6948597576672654,0.52747,2.92976
1782383738.4400036,61553.774999999994,-0.6949021172972863,0.52747,2.93024
1782383738.4686966,61553.774999999994,-0.6412324478125228,0.64054,2.93024
1782383738.4688742,61553.774999999994,-0.6412738154250299,0.64045,2.93024
1782383738.4985476,61553.774999999994,-0.6412255861700012,0.64045,2.92976
1782383738.6630654,61553.774999999994,-0.6434627736407365,0.63559,2.92976
1782383738.788057,61553.774999999994,-0.6431374750849218,0.63559,2.92651
1782383739.024353,61553.774999999994,-0.6429379991067691,0.63559,2.92452
1782383739.024507,61553.774999999994,-0.6968297437801707,0.52252,2.92452
1782383739.0247355,61553.774999999994,-0.696785441802311,0.52261,2.92452
1782383739.046529,61553.774999999994,-0.6968276574206478,0.52261,2.925
1782383739.3329582,61553.774999999994,-0.6968171046181424,0.52261,2.92488
1782383739.3342707,61553.774999999994,-0.6965319009944109,0.52261,2.92164
1782383739.380577,61553.774999999994,-0.6423534305637925,0.63623,2.92164
1782383739.381183,61553.774999999994,-0.6423949766427378,0.63614,2.92164
1782383739.5369194,61553.774999999994,-0.6423467236387147,0.63614,2.92116
1782383739.5371063,61553.774999999994,-0.6423051731747152,0.63623,2.92116
1782383739.5372157,61553.774999999994,-0.64226362481307,0.63632,2.92116
1782383739.537436,61553.774999999994,-0.6422220785536193,0.63641,2.92116
1782383739.605302,61553.774999999994,-0.64226362481307,0.63632,2.92116
1782383739.6054134,61553.774999999994,-0.6423051731747152,0.63623,2.92116
1782383739.606283,61553.774999999994,-0.64226362481307,0.63632,2.92116
1782383739.6615376,61553.774999999994,-0.6421660560493292,0.63632,2.92019
1782383739.9468386,61553.774999999994,-0.6515930897769081,0.61602,2.92019
1782383739.9469714,61553.774999999994,-0.6944108388818776,0.52666,2.92019
1782383739.9470778,61553.774999999994,-0.7336883601087639,0.44857,2.92019
1782383739.9471776,61553.774999999994,-0.7942023998967785,0.33495,2.92019
1782383739.947524,61553.774999999994,-0.8087671921120392,0.33495,3.16811
1782383739.9475951,61553.774999999994,-0.808757911324649,0.33495,3.16794
1782383739.9476583,61553.774999999994,-0.8140401810638792,0.32475,3.16794
1782383739.9477074,61553.774999999994,-0.8187371364107393,0.31573,3.16794
1782383739.9477806,61553.774999999994,-0.818745981445761,0.31573,3.16811
1782383739.947843,61553.774999999994,-0.8197805835882918,0.31573,3.18811
1782383739.9479005,61553.774999999994,-0.8237095643968476,0.31573,3.2662
1782383739.9479945,61553.774999999994,-0.823713993780046,0.31573,3.26629
1782383739.9480915,61553.774999999994,-0.823705626980471,0.31573,3.26612
1782383739.9481883,61553.774999999994,-0.8261017849405252,0.31103,3.26612
1782383739.9612362,61553.774999999994,-0.8261477302589277,0.31094,3.26612
1782383739.9614089,61553.774999999994,-0.8261017849405252,0.31103,3.26612
1782383739.9615154,61553.774999999994,-0.826055841934005,0.31112,3.26612
1782383739.9616175,61553.774999999994,-0.8256985863373897,0.31182,3.26612
1782383739.9625003,61553.774999999994,-0.8256526636165711,0.31191,3.26612
1782383739.9626107,61553.774999999994,-0.8256609468447822,0.31191,3.26629
1782383739.9627333,61553.774999999994,-0.825416075200912,0.31239,3.26629
1782383739.9629152,61553.774999999994,-0.8254390008800971,0.31239,3.26676
1782383739.9695592,61553.774999999994,-0.8251993228331498,0.31286,3.26676
1782383739.9793823,61553.774999999994,-0.8255563130776883,0.31216,3.26676
1782383739.979545,61553.774999999994,-0.8257960848970923,0.31169,3.26676
1782383739.9819207,61553.774999999994,-0.8257501662689253,0.31178,3.26676
1782383739.999468,61553.774999999994,-0.8257735357723622,0.31178,3.26724
1782383740.007517,61553.774999999994,-0.9055684353265387,0.16191,3.26724
1782383740.2538054,61553.774999999994,-0.9056184493709646,0.16182,3.26724
1782383740.2540054,61553.774999999994,-0.9056684660408229,0.16173,3.26724
1782383740.2540987,61553.774999999994,-0.9056184493709646,0.16182,3.26724
1782383740.2542236,61553.774999999994,-0.9055684353265387,0.16191,3.26724
1782383740.2543232,61553.774999999994,-0.9056184493709646,0.16182,3.26724
1782383740.254421,61553.774999999994,-0.9055684353265387,0.16191,3.26724
1782383740.3134618,61553.774999999994,-0.9055877079172557,0.16191,3.26794
1782383740.4581258,61553.774999999994,-0.9055377061989422,0.162,3.26794
1782383740.6633782,61553.774999999994,-0.9055506484647609,0.162,3.26841
1782383740.9704509,61553.774999999994,-0.9057061977242846,0.16172,3.26841
1782383741.7894132,61553.774999999994,-0.9425567449020226,0.09665,3.26841
1782383741.7896202,61553.774999999994,-0.9426491129008291,0.09649,3.26841
1782383741.7897556,61553.774999999994,-0.9429262696096206,0.09601,3.26841
1782383741.7898836,61553.774999999994,-0.9429782452969834,0.09592,3.26841
1782383741.8226826,61553.774999999994,-0.898902516253101,0.17401,3.26841
1782383741.8231194,61553.774999999994,-0.8989521632150318,0.17392,3.26841
1782383742.0195613,61553.774999999994,-0.8990018127730779,0.17383,3.26841
1782383742.0206523,61553.774999999994,-0.8990514649274436,0.17374,3.26841
1782383742.0207195,61553.774999999994,-0.8990018127730779,0.17383,3.26841
1782383742.020782,61553.774999999994,-0.8990200008132773,0.17383,3.26903
1782383742.020849,61553.774999999994,-0.8989703597205885,0.17392,3.26903
1782383742.020914,61553.774999999994,-0.898898660501644,0.17405,3.26903
1782383742.0497062,61553.774999999994,-0.8987773356954085,0.17427,3.26903
1782383742.0500963,61553.774999999994,-0.8635605708633924,0.23934,3.26903
1782383742.0512114,61553.774999999994,-0.8636083778945807,0.23925,3.26903
1782383742.0862005,61553.774999999994,-0.8635959360996134,0.23925,3.26871
1782383742.1382825,61553.774999999994,-0.8636064340137333,0.23925,3.26898
1782383742.1394908,61553.774999999994,-0.863558626351074,0.23934,3.26898
1782383742.7130923,61553.774999999994,-0.8635263393480809,0.23934,3.26815
1782383742.7134004,61553.774999999994,-0.8605850024319279,0.23934,3.19415
1782383742.7294147,61553.774999999994,-0.7827681282371853,0.38921,3.19415
1782383742.7303188,61553.774999999994,-0.7828129055304233,0.38912,3.19415
1782383742.7703927,61553.774999999994,-0.7666691651550811,0.38912,2.94623
1782383742.7805793,61553.774999999994,-0.7828129055304233,0.38912,3.19415
1782383742.7812724,61553.774999999994,-0.7827681282371853,0.38921,3.19415
1782383742.8389816,61553.774999999994,-0.7828178809240747,0.38911,3.19415
1782383743.1222389,61553.774999999994,-0.8225364247668444,0.31102,3.19415
1782383743.1223617,61553.774999999994,-0.8225976648281133,0.31102,3.19536
1782383743.122466,61553.774999999994,-0.903977643445126,0.16115,3.19536
1782383743.122634,61553.774999999994,-0.9416182582699365,0.09608,3.19536
1782383743.1227517,61553.774999999994,-0.9417621083959424,0.09608,3.20349
1782383743.1228669,61553.774999999994,-0.9418150738904312,0.09599,3.20349
1782383743.1229575,61553.774999999994,-0.9418680422744811,0.0959,3.20349
1782383743.123046,61553.774999999994,-0.9419210135483284,0.09581,3.20349
1782383743.1231408,61553.774999999994,-0.9419739877122099,0.09572,3.20349
1782383743.123243,61553.774999999994,-0.9419210135483284,0.09581,3.20349
1782383743.1233191,61553.774999999994,-0.9419739877122099,0.09572,3.20349
1782383743.1234066,61553.774999999994,-0.9419210135483284,0.09581,3.20349
1782383743.1234891,61553.774999999994,-0.9418680422744811,0.0959,3.20349
1782383743.1236014,61553.774999999994,-0.9418150738904312,0.09599,3.20349
1782383743.123725,61553.774999999994,-0.9418680422744811,0.0959,3.20349
1782383743.123844,61553.774999999994,-0.942026964766362,0.09563,3.20349
1782383743.1239336,61553.774999999994,-0.9421694761508808,0.09563,3.21162
1782383743.1240299,61553.774999999994,-0.9422223297330639,0.09554,3.21162
1782383743.1240995,61553.774999999994,-0.9422751861920068,0.09545,3.21162
1782383743.124186,61553.774999999994,-0.9422223297330639,0.09554,3.21162
1782383743.124258,61553.774999999994,-0.9421694761508808,0.09563,3.21162
1782383743.124339,61553.774999999994,-0.9421166254452218,0.09572,3.21162
1782383743.1244311,61553.774999999994,-0.9421694761508808,0.09563,3.21162
1782383743.1245248,61553.774999999994,-0.9422458211374247,0.0955,3.21162
1782383743.1341944,61553.774999999994,-0.9421929662767106,0.09559,3.21162
1782383743.1486557,61553.774999999994,-0.9422216177826133,0.09559,3.21326
1782383743.162097,61553.774999999994,-0.9421687912141047,0.09568,3.21326
1782383743.1861591,61553.774999999994,-0.9421672182178097,0.09568,3.21317
1782383743.2096798,61553.774999999994,-0.9422200461804422,0.09559,3.21317
1782383743.2368126,61553.774999999994,-0.9422216177826133,0.09559,3.21326
1782383743.318901,61553.774999999994,-0.9413708727305683,0.09704,3.21326
1782383743.4050846,61553.774999999994,-0.9413122281295312,0.09714,3.21326
1782383743.648105,61553.774999999994,-0.942485793737154,0.09514,3.21326
1782383743.6482098,61553.774999999994,-0.9436607790950883,0.09314,3.21326
1782383743.6483414,61553.774999999994,-0.943713686859369,0.09305,3.21326
1782383743.6484249,61553.774999999994,-0.9436607790950883,0.09314,3.21326
1782383743.6485748,61553.774999999994,-0.9458798304459365,0.09314,3.34883
1782383743.6627457,61553.774999999994,-0.9458771573014121,0.09314,3.34866
1782383743.7610872,61553.774999999994,-0.9458757420003429,0.09314,3.34857
1782383743.761158,61553.774999999994,-0.9458743266252521,0.09314,3.34848
1782383743.761222,61553.774999999994,-0.9458757420003429,0.09314,3.34857
1782383743.7613184,61553.774999999994,-0.9458771573014121,0.09314,3.34866
1782383743.768188,61553.774999999994,-0.9436578822404975,0.09314,3.21309
1782383743.7909224,61553.774999999994,-0.9436532807414487,0.09314,3.21282
1782383743.8014436,61553.774999999994,-0.9436577118280091,0.09314,3.21308
1782383743.8056538,61553.774999999994,-0.9436664015507767,0.09314,3.21359
1782383743.8059723,61553.774999999994,-0.9436692975294082,0.09314,3.21376
1782383744.347843,61553.774999999994,-0.9445812954434567,0.09314,3.26818
1782383744.3486285,61553.774999999994,-0.9445784924802523,0.09314,3.26801
1782383744.4571047,61553.774999999994,-0.9445758541382152,0.09314,3.26785
1782383744.4574397,61553.774999999994,-0.9446279270433515,0.09305,3.26785
1782383744.457651,61553.774999999994,-0.9446800027374352,0.09296,3.26785
1782383744.5117097,61553.774999999994,-0.9447494413349641,0.09284,3.26785
1782383744.59935,61553.774999999994,-0.954321323593174,0.07638,3.26785
1782383744.63868,61553.774999999994,-0.9505243617827704,0.08289,3.26785
1782383744.6568506,61553.774999999994,-0.9505268718049724,0.08289,3.26802
1782383744.6584218,61553.774999999994,-0.9504221014654932,0.08307,3.26802
1782383744.7481852,61553.774999999994,-0.9503015291837174,0.08307,3.25989
1782383744.788654,61553.774999999994,-0.9444848730673793,0.09307,3.25989
1782383744.8068132,61553.774999999994,-0.9445370682430277,0.09298,3.25989
1782383744.9296725,61553.774999999994,-0.944541038021419,0.09298,3.26013
1782383744.9314258,61553.774999999994,-0.944488846475009,0.09307,3.26013
1782383744.9655964,61553.774999999994,-0.9466459525850085,0.09307,3.3957
1782383744.967445,61553.774999999994,-0.9466433526342946,0.09307,3.39553
1782383744.9676447,61553.774999999994,-0.9466447291103538,0.09307,3.39562
1782383745.0289285,61553.774999999994,-0.946728430804864,0.09292,3.39562
1782383745.033108,61553.774999999994,-0.9467842359335404,0.09282,3.39562
1782383745.2718265,61553.774999999994,-0.944632508865539,0.09282,3.26005
1782383745.2720077,61553.774999999994,-0.9446060747119748,0.09282,3.25845
1782383745.2721393,61553.774999999994,-0.9450878093623524,0.09199,3.25845
1782383745.5785208,61553.774999999994,-0.9451400599937321,0.0919,3.25845
1782383745.5786679,61553.774999999994,-0.9450878093623524,0.09199,3.25845
1782383745.578886,61553.774999999994,-0.9450355615380253,0.09208,3.25845
1782383745.579089,61553.774999999994,-0.9449833165205246,0.09217,3.25845
1782383745.6066682,61553.774999999994,-0.944931074309624,0.09226,3.25845
1782383745.606792,61553.774999999994,-0.9448788349050972,0.09235,3.25845
1782383745.6074133,61553.774999999994,-0.9448816312888506,0.09235,3.25862
1782383745.6580544,61553.774999999994,-0.944829397265343,0.09244,3.25862
1782383745.6804638,61553.774999999994,-0.9459327114858652,0.09054,3.25862
1782383745.863446,61553.774999999994,-0.9458746111081253,0.09064,3.25862
1782383745.8874996,61553.774999999994,-0.9458775198242094,0.09064,3.2588
1782383746.193551,61553.774999999994,-0.947982932617123,0.09064,3.39437
1782383746.1943464,61553.774999999994,-0.947980395082701,0.09064,3.3942
1782383746.4104683,61553.774999999994,-0.9458747727116655,0.09064,3.25863
1782383746.5027492,61553.774999999994,-0.947980395082701,0.09064,3.3942
1782383746.5030065,61553.774999999994,-0.947982932617123,0.09064,3.39437
1782383746.704359,61553.774999999994,-0.9458775198242094,0.09064,3.2588
1782383747.3191612,61553.774999999994,-0.9458750959158508,0.09064,3.25865
1782383747.3195443,61553.774999999994,-0.945927385644333,0.09055,3.25865
1782383747.319658,61553.774999999994,-0.945979678183159,0.09046,3.25865
1782383747.3300598,61553.774999999994,-0.9480814649222742,0.09046,3.39423
1782383747.3778703,61553.774999999994,-0.945979678183159,0.09046,3.25865
1782383747.3958924,61553.774999999994,-0.9416611042857741,0.09046,3.01073
1782383747.4565556,61553.774999999994,-0.9416627972966,0.09046,3.01082
1782383747.4571996,61553.774999999994,-0.9416644902091655,0.09046,3.01091
1782383747.5371616,61553.774999999994,-0.9415643247042589,0.09062,3.01091
1782383747.556544,61553.774999999994,-0.941566020337759,0.09062,3.011
1782383747.5567808,61553.774999999994,-0.9415677158728573,0.09062,3.01109
1782383747.5572782,61553.774999999994,-0.9415694113095623,0.09062,3.01118
1782383747.5581036,61553.774999999994,-0.9415711066478825,0.09062,3.01127
1782383747.706836,61553.774999999994,-0.9415147744343935,0.09071,3.01127
1782383747.7320135,61553.774999999994,-0.9414584454896245,0.0908,3.01127
1782383747.7559288,61553.774999999994,-0.9415147744343935,0.09071,3.01127
1782383747.7569897,61553.774999999994,-0.9414584454896245,0.0908,3.01127
1782383747.7571073,61553.774999999994,-0.9414021198132915,0.09089,3.01127
1782383747.7572184,61553.774999999994,-0.9414584454896245,0.0908,3.01127
1782383747.75906,61553.774999999994,-0.9414021198132915,0.09089,3.01127
1782383747.881321,61553.774999999994,-0.9438558994854436,0.09089,3.14685
1782383747.8815007,61553.774999999994,-0.9438529514419766,0.09089,3.14668
1782383747.951074,61553.774999999994,-0.9428274885988364,0.09089,3.08861
1782383748.0114205,61553.774999999994,-0.9428763567572325,0.09089,3.09133
1782383748.0320237,61553.774999999994,-0.94287940824349,0.09089,3.0915
1782383748.0834432,61553.774999999994,-0.9403375989969838,0.09089,2.95592
1782383748.3434515,61553.774999999994,-0.94287940824349,0.09089,3.0915
1782383748.367399,61553.774999999994,-0.9403375989969838,0.09089,2.95592
1782383748.4694834,61549.905,-0.45371208246449224,1.1108,2.95592
1782383748.4696054,61548.365,0.3558080777258357,1.1108,0.52778
1782383748.469703,61548.17,0.45339404406761913,1.1108,0.41776
1782383748.4697976,61548.149999999994,0.45339404406761913,1.1108,0.41776
1782383748.469891,61548.020000000004,0.4211963996699057,1.1108,0.45239
1782383748.4699826,61547.45,0.3558080777258357,1.1108,0.52778
1782383748.470073,61547.45,0.2711709237388996,1.1108,0.63688
1782383748.4701638,61547.45,0.034418535349772766,1.1108,1.03688
1782383748.4702606,61547.14,0.4704792163092401,1.1108,0.4
1782383748.4721036,61547.14,0.4715286035143348,1.1138,0.4
1782383748.4722238,61547.45,0.0357654323283798,1.1138,1.03688
1782383748.4723227,61547.45,0.0375554606716542,1.1178,1.03688
1782383748.472416,61547.0,0.9929396662387677,1.1178,0.00396
1782383748.472509,61546.06,0.9929396662387677,1.1178,0.00396
1782383748.47261,61546.06,0.992964752700398,1.1218,0.00396
1782383748.4727068,61546.06,0.4317987466336519,1.1218,0.44518
1782383748.4728,61546.06,0.6082437938347545,1.82756,0.44518
1782383748.4728959,61546.035,0.8868933617605608,1.82756,0.10955
1782383748.4729905,61546.035,0.8870828093755797,1.83081,0.10955
1782383748.4731514,61546.035,0.8907471677038455,1.89589,0.10955
1782383748.4732494,61546.035,0.8912369010211123,1.90492,0.10955
1782383748.4733424,61546.035,0.9048995607410107,2.19433,0.10955
1782383748.4734561,61546.035,0.9050248816603956,2.19737,0.10955
1782383748.473549,61546.035,0.90514823024174,2.20037,0.10955
1782383748.4736392,61546.035,0.7932779683947156,2.20037,0.25365
1782383748.4737287,61546.035,0.6900637123688022,2.20037,0.40352
1782383748.4738178,61546.035,0.7068507083181984,2.34948,0.40352
1782383748.473907,61546.035,0.7141409955334531,2.41969,0.40352
1782383748.474008,61546.035,0.7141501080296108,2.41978,0.40352
1782383748.474101,61546.035,0.7141592199448181,2.41987,0.40352
1782383748.4741974,61546.035,0.7582873093649292,2.93532,0.40352
1782383748.474347,61546.035,0.6377802911976445,1.82452,0.40352
1782383748.474447,61546.035,0.4698478597892635,1.11876,0.40352
1782383748.4745357,61546.035,0.8260085934990373,4.23487,0.40352
1782383748.474631,61546.035,0.8259731636225661,4.23487,0.40361
1782383748.4747245,61546.035,0.8259765401837205,4.23496,0.40361
1782383748.4748166,61546.035,0.8242068286715472,4.23496,0.40811
1782383748.474917,61546.035,0.8241714694303018,4.23496,0.4082
1782383748.475015,61546.035,0.824136111559791,4.23496,0.40829
1782383748.4750876,61546.035,0.6658412774586142,4.23496,0.84951
1782383748.475179,61546.035,0.665785581673432,4.23496,0.84968
1782383748.4752705,61546.035,0.6657560971772346,4.23496,0.84977
1782383748.4754107,61546.035,0.5124911160397001,4.23496,1.36502
1782383748.4755232,61546.035,0.513334093923361,4.24466,1.36502
1782383748.475617,61546.035,0.5151491471722776,4.26566,1.36502
1782383748.4757068,61546.035,0.5171130504919008,4.28856,1.36502
1782383748.4757977,61546.035,0.5189000771863292,4.30956,1.36502
1782383748.475888,61546.035,0.5206739260970789,4.33056,1.36502
1782383748.4759781,61546.035,-0.05837245635731367,1.21445,1.36502
1782383748.4760692,61546.035,-0.058335530090402994,1.21454,1.36502
1782383748.4763114,61546.035,-0.06471684455328129,1.21454,1.38262
1782383748.4764533,61546.035,-0.06474925401867367,1.21454,1.38271
1782383748.4765728,61546.035,-0.07546387043979674,1.21454,1.41281
1782383748.4766443,61546.035,-0.07542703163535601,1.21463,1.41281
1782383748.4767232,61546.035,-0.07549740451507815,1.21463,1.41301
1782383748.476792,61546.035,-0.0669702186782651,1.23563,1.41301
1782383748.4768608,61546.035,-0.058577186437122675,1.25663,1.41301
1782383748.4769316,61546.035,-0.05854150045135651,1.25672,1.41301
1782383748.4772606,61546.035,-0.05849918152838801,1.25672,1.41289
1782383748.477322,61546.035,-0.05846349777128517,1.25681,1.41289
1782383748.47738,61546.035,-0.05842781642001808,1.2569,1.41289
1782383748.4774373,61546.035,-0.05839213747434339,1.25699,1.41289
1782383748.4775076,61546.035,-0.05842781642001808,1.2569,1.41289
1782383748.477578,61546.035,-0.05839213747434339,1.25699,1.41289
1782383748.477637,61546.035,-0.05835646093401798,1.25708,1.41289
1782383748.477695,61546.035,-0.05832078679879856,1.25717,1.41289
1782383748.4777882,61546.035,-0.05828511506844182,1.25726,1.41289
1782383748.4778543,61546.035,-0.058249445742704783,1.25735,1.41289
1782383748.477924,61546.035,-0.062107692423342645,1.24765,1.41289
1782383748.4779937,61546.035,-0.06207176495792346,1.24774,1.41289
1782383748.4780643,61546.035,-0.06210349078444926,1.24774,1.41298
1782383748.4781263,61546.035,-0.06206756589158938,1.24783,1.41298
1782383748.478192,61546.035,-0.06210349078444926,1.24774,1.41298
1782383748.478263,61546.035,-0.062139418107741394,1.24765,1.41298
1782383748.478526,61546.035,-0.06217534786171224,1.24756,1.41298
1782383748.4785783,61546.035,-0.062139418107741394,1.24765,1.41298
1782383748.4786284,61546.035,-0.06217534786171224,1.24756,1.41298
1782383748.4786756,61546.035,-0.062139418107741394,1.24765,1.41298
1782383748.4787316,61546.035,-0.06217534786171224,1.24756,1.41298
1782383748.4787827,61546.035,-0.06221128004660859,1.24747,1.41298
1782383748.478826,61546.035,-0.06224721466267722,1.24738,1.41298
1782383748.4792027,61546.035,-0.06228315171016473,1.24729,1.41298
1782383748.4793193,61546.035,-0.06224721466267722,1.24738,1.41298
1782383748.4794178,61546.035,-0.06228315171016473,1.24729,1.41298
1782383748.4795134,61546.035,-0.06231909118931795,1.2472,1.41298
1782383748.4796069,61546.035,-0.06235503310038381,1.24711,1.41298
1782383748.4797003,61546.035,-0.06231909118931795,1.2472,1.41298
1782383748.4797907,61546.035,-0.06235503310038381,1.24711,1.41298
1782383748.4798815,61546.035,-0.06231909118931795,1.2472,1.41298
1782383748.4799802,61546.035,-0.06228315171016473,1.24729,1.41298
1782383748.480125,61546.035,-0.06224721466267722,1.24738,1.41298
1782383748.480222,61546.035,-0.06221128004660859,1.24747,1.41298
1782383748.4803162,61546.035,-0.06217534786171224,1.24756,1.41298
1782383748.4804096,61546.035,-0.06221128004660859,1.24747,1.41298
1782383748.4814732,61546.035,-0.06217534786171224,1.24756,1.41298
1782383748.481596,61546.035,-0.062139418107741394,1.24765,1.41298
1782383748.4817033,61546.035,-0.06217534786171224,1.24756,1.41298
1782383748.4817984,61546.035,-0.06221128004660859,1.24747,1.41298
1782383748.4818914,61546.035,-0.06224721466267722,1.24738,1.41298
1782383748.481981,61546.035,-0.06228315171016473,1.24729,1.41298
1782383748.482066,61546.035,-0.06224721466267722,1.24738,1.41298
1782383748.4821582,61546.035,-0.06221128004660859,1.24747,1.41298
1782383748.48225,61546.035,-0.06224300330008192,1.24747,1.41307
1782383748.4823394,61546.035,-0.06220707125755931,1.24756,1.41307
1782383748.482435,61546.035,-0.06223879250729125,1.24756,1.41316
1782383748.482524,61546.035,-0.062202863037947115,1.24765,1.41316
1782383748.4826136,61546.035,-0.06223879250729125,1.24756,1.41316
1782383748.4827037,61546.035,-0.06232337201611447,1.24756,1.4134
1782383748.482795,61546.035,-0.06228744292666431,1.24765,1.4134
1782383748.4829898,61546.035,-0.06232337201611447,1.24756,1.4134
1782383748.4830863,61546.035,-0.06235930353606148,1.24747,1.4134
1782383748.4831803,61546.035,-0.06239523748675203,1.24738,1.4134
1782383748.4832716,61546.035,-0.06235930353606148,1.24747,1.4134
1782383748.4833643,61546.035,-0.06239523748675203,1.24738,1.4134
1782383748.4834566,61546.035,-0.062431173868432624,1.24729,1.4134
1782383748.4835482,61546.035,-0.06246711268135003,1.2472,1.4134
1782383748.483674,61546.035,-0.09126424978478144,1.17699,1.4134
1782383748.4837673,61546.035,-0.22852002190371057,0.88758,1.4134
1782383748.483858,61546.035,-0.22856807583152608,0.88749,1.4134
1782383748.4839494,61546.035,-0.2075748967273131,0.92749,1.4134
1782383748.4889512,61546.035,-0.20809097863574783,0.92649,1.4134
1782383748.4890723,61546.035,-0.29031669085896344,0.77738,1.4134
1782383748.4892335,61546.035,-0.29019890642543517,0.77758,1.4134
1782383748.4903555,61546.035,-0.155734722330113,1.03249,1.4134
1782383748.4904783,61546.035,-0.034098017625174226,1.32019,1.4134
1782383748.490582,61546.035,-0.03418634594562963,1.32019,1.41365
1782383748.5066016,61546.035,-0.0342181401864715,1.32019,1.41374
1782383748.5067189,61546.035,-0.034184095215104536,1.32028,1.41374
1782383748.506822,61546.035,-0.03421588743686246,1.32028,1.41383
1782383748.5124745,61546.035,-0.03412133003701047,1.32053,1.41383
1782383748.5126436,61546.035,-0.03429085430957569,1.32053,1.41431
1782383748.512766,61546.035,-0.034379124635752406,1.32053,1.41456
1782383748.5177722,61546.035,-0.034470908658855354,1.32053,1.41482
1782383748.52754,61546.035,-0.03437637081444652,1.32078,1.41482
1782383748.5281038,61546.035,-0.18916579440916187,1.32078,1.93705
1782383748.5281742,61546.035,-0.12515501703372184,1.50612,1.93705
1782383748.5282314,61546.035,-0.12521853273780142,1.50612,1.9373
1782383748.529013,61546.035,-0.12524139613359625,1.50612,1.93739
1782383748.531396,61546.035,-0.12526425833430135,1.50612,1.93748
1782383748.5315108,61546.035,-0.12523484982678465,1.50621,1.93748
1782383748.5316133,61546.035,-0.1252054428563962,1.5063,1.93748
1782383748.5353348,61546.035,-0.12512376489171118,1.50655,1.93748
1782383748.536541,61546.035,-0.12436101981092867,1.50655,1.93448
1782383748.5376346,61546.035,-0.12420420106290549,1.50703,1.93448
1782383748.5377529,61546.035,-0.21413418690767594,1.25212,1.93448
1782383748.5378666,61546.035,-0.21419583601361852,1.25212,1.93473
1782383748.5395596,61546.035,-0.21436840206428137,1.25212,1.93543
1782383748.540874,61546.035,-0.2141017799733396,1.25282,1.93543
1782383748.5568101,61546.035,-0.21413605339757105,1.25273,1.93543
1782383748.5573194,61546.035,-0.21415823727750333,1.25273,1.93552
1782383748.559249,61546.035,-0.21418041990502898,1.25273,1.93561
1782383748.55977,61546.035,-0.2141156841283233,1.2529,1.93561
1782383748.5598645,61546.035,-0.2139976543047272,1.25321,1.93561
1782383748.5675998,61546.035,-0.175234867306142,1.25321,1.78574
1782383748.576681,61546.035,-0.17712511576858814,1.24833,1.78574
1782383748.5784998,61546.035,-0.17702813150887187,1.24858,1.78574
1782383748.5790381,61546.035,-0.17700372087811403,1.24858,1.78565
1782383748.5791476,61546.035,-0.17697930879919846,1.24858,1.78556
1782383748.5792499,61546.035,-0.036931336099841124,1.24858,1.34434
1782383748.5794601,61546.035,-0.03573299639434196,1.25158,1.34434
1782383748.579494,61546.035,-0.03405854705142355,1.25158,1.33984
1782383748.5804744,61546.035,-0.03409446114543494,1.25149,1.33984
1782383748.5915504,61546.035,-0.06925082087304454,1.25149,1.43772
1782383748.6044874,61546.035,-0.03907780146713408,1.32958,1.43772
1782383748.606569,61546.035,-0.03910905221165071,1.32958,1.43781
1782383748.6066997,61546.035,-0.0391403009235839,1.32958,1.4379
1782383748.6067996,61546.035,-0.03917154760313203,1.32958,1.43799
1782383748.6068993,61546.035,-0.03920279225049321,1.32958,1.43808
1782383748.6072724,61546.035,-0.03923403486586576,1.32958,1.43817
1782383748.6294322,61546.035,-0.03449838513605859,1.34225,1.43817
1782383748.6319392,61546.035,-0.034464900324041224,1.34234,1.43817
1782383748.6421807,61546.035,-0.023223492001120546,1.34234,1.40617
1782383748.6562307,61546.035,-0.023255475514807528,1.34234,1.40626
1782383748.6572428,61546.035,-0.023287456934030358,1.34234,1.40635
1782383748.6873512,61546.035,-0.023239062579579577,1.34247,1.40635
1782383748.6882787,61546.035,-0.023332132709008694,1.34222,1.40635
1782383748.6893816,61546.035,-0.023300151356386113,1.34222,1.40626
1782383748.6896358,61546.035,-0.023268167909212288,1.34222,1.40617
1782383748.7085204,61546.035,-0.01624274135557324,1.36122,1.40617
1782383748.722702,61546.035,-0.009313125585434888,1.38022,1.40617
1782383748.7250996,61546.035,-0.0010500500108564523,1.40322,1.40617
1782383748.7252586,61546.035,0.0070788274213650386,1.42622,1.40617
1782383748.7264264,61546.035,0.013695075033580124,1.44522,1.40617
1782383748.7264953,61546.035,0.02022373266350571,1.46422,1.40617
1782383748.7279704,61546.035,0.02801212418650789,1.48722,1.40617
1782383748.7280746,61546.035,0.034353228791473664,1.50622,1.40617
1782383748.7281363,61546.035,0.04061213281071441,1.52522,1.40617
1782383748.7281885,61546.035,0.04808099133831349,1.54822,1.40617
1782383748.728973,61546.035,0.05543445769617019,1.57122,1.40617
1782383748.7290356,61546.035,0.06142391344250917,1.59022,1.40617
1782383748.7291017,61546.035,0.06733788995784962,1.60922,1.40617
1782383748.729137,61546.035,0.07439795417968072,1.63222,1.40617
1782383748.7292023,61546.035,0.08015006263512342,1.65122,1.40617
1782383748.729302,61546.035,0.08701820224062541,1.67422,1.40617
1782383748.7293556,61546.035,0.09261499843517597,1.69322,1.40617
1782383748.729466,61546.035,0.09905944463665606,1.71539,1.40617
1782383748.7295063,61546.035,0.1045100236900426,1.73439,1.40617
1782383748.7296247,61546.035,0.11102049589702744,1.75739,1.40617
1782383748.7297459,61546.035,0.11743698533842137,1.78039,1.40617
1782383748.7297902,61546.035,0.12375332213750928,1.80336,1.40617
1782383748.7298796,61546.035,0.12891006123529905,1.82236,1.40617
1782383748.729975,61546.035,0.13400646029443922,1.84136,1.40617
1782383748.7300751,61546.035,0.14009655927326767,1.86436,1.40617
1782383748.7302415,61546.035,0.14506327651670603,1.88336,1.40617
1782383748.7302895,61546.035,0.14997294871136127,1.90236,1.40617
1782383748.7303214,61546.035,0.1548265530288232,1.92136,1.40617
1782383748.7303524,61546.035,0.15962504444902637,1.94036,1.40617
1782383748.7303846,61546.035,0.16536134119595317,1.96336,1.40617
1782383748.730416,61546.035,0.1710198583358143,1.98636,1.40617
1782383748.7304487,61546.035,0.17660216716000157,2.00936,1.40617
1782383748.7304761,61546.035,0.18210979691903234,2.03236,1.40617
1782383748.7305045,61546.035,0.1875442362192441,2.05536,1.40617
1782383748.7326467,61546.035,0.19197938245037396,2.07436,1.40617
1782383748.7327108,61546.035,0.19728388225589624,2.09736,1.40617
1782383748.732784,61546.035,0.2025191902521742,2.12036,1.40617
1782383748.7328691,61546.035,0.20679277851266242,2.13936,1.40617
1782383748.7329292,61546.035,0.21190518224591082,2.16236,1.40617
1782383748.7329862,61546.035,0.21695210676229915,2.18536,1.40617
1782383748.733047,61546.035,0.22193480203511937,2.20836,1.40617
1782383748.7331874,61546.035,0.22600336312071184,2.22736,1.40617
1782383748.7332468,61546.035,0.23087189220381077,2.25036,1.40617
1782383748.7338903,61546.035,0.2564473353619386,2.25036,1.33174
1782383748.7340784,61546.035,0.260370442364833,2.26936,1.33174
1782383748.7341473,61546.035,0.265064429789465,2.29236,1.33174
1782383748.734217,61546.035,0.268897367626472,2.31136,1.33174
1782383748.7344174,61546.035,0.2734266096715324,2.33407,1.33174
1782383748.7344823,61546.035,0.2771730428434574,2.35307,1.33174
1782383748.735171,61546.035,0.28165682707582107,2.37607,1.33174
1782383748.7352233,61546.035,0.2853190798564993,2.39507,1.33174
1782383748.7353616,61546.035,0.2889441802974524,2.41407,1.33174
1782383748.789494,61546.035,0.2889612643156518,2.41416,1.33174
1782383748.836468,61546.035,0.29254960291109994,2.43316,1.33174
1782383748.9064968,61546.035,0.29256651412088747,2.43325,1.33174
1782383748.9066203,61546.035,0.2925834245221881,2.43334,1.33174
1782383748.9185166,61546.035,0.3041944923838823,2.43334,1.29822
1782383748.9555616,61546.035,0.30417771012496425,2.43325,1.29822
1782383748.9557078,61546.035,0.3041609270564778,2.43316,1.29822
1782383748.956178,61546.035,0.3041441431783646,2.43307,1.29822
1782383748.9913557,61546.035,0.5163755118321253,2.43307,0.77599
1782383748.9937544,61546.035,0.5163890749887041,2.43316,0.77599
1782383748.9938774,61546.035,0.5163087507634017,2.43316,0.77616
1782383748.9939847,61546.035,0.5377840240826814,2.58227,0.77616
1782383748.994242,61546.035,0.5516910883235737,2.58227,0.74606
1782383749.0301075,61546.035,0.5517059042674647,2.58238,0.74606
1782383749.032319,61546.035,0.5516937822043956,2.58229,0.74606
1782383749.0813322,61546.035,0.5517357417990181,2.58229,0.74597
1782383749.1077929,61546.035,0.5516937822043956,2.58229,0.74606
1782383749.1455257,61546.035,0.5517059042674647,2.58238,0.74606
1782383749.1455927,61546.035,0.5517180256749977,2.58247,0.74606
1782383749.145671,61546.035,0.5517301464270479,2.58256,0.74606
1782383749.1457245,61546.035,0.5517422665236684,2.58265,0.74606
1782383749.1600087,61546.035,0.5675224569070162,2.58265,0.71255
1782383749.3023956,61546.035,0.5675342686076188,2.58274,0.71255
1782383749.3025153,61546.035,0.5675460796630435,2.58283,0.71255
1782383749.302656,61546.035,0.5675578900733431,2.58292,0.71255
1782383749.3027787,61546.035,0.5675696998385706,2.58301,0.71255
1782383749.3030431,61546.035,0.5675815089587789,2.5831,0.71255
1782383749.3031402,61546.035,0.5675933174340209,2.58319,0.71255
1782383749.3032362,61546.035,0.5676051252643491,2.58328,0.71255
1782383749.3033297,61546.035,0.5676169324498168,2.58337,0.71255
1782383749.3034253,61546.035,0.5676287389904764,2.58346,0.71255
1782383749.3133228,61546.035,0.5676715454258598,2.58346,0.71246
1782383749.3184571,61546.035,0.5676287389904764,2.58346,0.71255
1782383749.3303695,61546.035,0.1438527203173704,2.58346,1.93366
1782383749.3324409,61546.035,0.14389577037602813,2.58346,1.93349
